@article{sameshima2019different,
  title={On Different Parametrizations of Feynman Integrals},
  author={Sameshima, Ray Daniel},
  year={2019},
  url={https://academicworks.cuny.edu/gc_etds/3376}
}

@article{Peraro:2019svx,
      author         = "Peraro, Tiziano",
      title          = "{FiniteFlow: multivariate functional reconstruction using
                        finite fields and dataflow graphs}",
      journal        = "JHEP",
      volume         = "07",
      year           = "2019",
      pages          = "031",
      doi            = "10.1007/JHEP07(2019)031",
      eprint         = "1905.08019",
      archivePrefix  = "arXiv",
      primaryClass   = "hep-ph",
      reportNumber   = "ZU-TH 24/19",
      SLACcitation   = "%%CITATION = ARXIV:1905.08019;%%"
}

@article{Maierhofer:2018gpa,
      author         = "Maierh√∂fer, Philipp and Usovitsch, Johann",
      title          = "{Kira 1.2 Release Notes}",
      year           = "2018",
      eprint         = "1812.01491",
      archivePrefix  = "arXiv",
      primaryClass   = "hep-ph",
      reportNumber   = "FR-PHENO-2018-15, TCDMATH 18-18",
      SLACcitation   = "%%CITATION = ARXIV:1812.01491;%%"
}

@phdthesis{ThesisSameshima,
      key            = "1762575",
      author         = "Sameshima, Ray D.",
      title          = "{On Different Parametrizations of Feynman Integrals}",
      school         = "The Graduate Center, City University of New York",
      url            = "https://academicworks.cuny.edu/gc_etds/3376",
       year           = "2019",
      SLACcitation   = "%%CITATION = INSPIRE-1762575;%%"
}

@article{Peraro:2016wsq,
      author         = "Peraro, Tiziano",
      title          = "{Scattering amplitudes over finite fields and
                        multivariate functional reconstruction}",
      journal        = "JHEP",
      volume         = "12",
      year           = "2016",
      pages          = "030",
      doi            = "10.1007/JHEP12(2016)030",
      eprint         = "1608.01902",
      archivePrefix  = "arXiv",
      primaryClass   = "hep-ph",
      reportNumber   = "EDINBURGH-2016-14",
      SLACcitation   = "%%CITATION = ARXIV:1608.01902;%%"
}

@article{Smirnov:2004ym,
      author         = "Smirnov, Vladimir A.",
      title          = "{Evaluating Feynman integrals}",
      booktitle      = "{Berlin, Germany: Springer (2004) 244 p, (Springer tracts
                        in modern physics. 211)}",
      journal        = "Springer Tracts Mod. Phys.",
      volume         = "211",
      year           = "2004",
      pages          = "1-244",
      SLACcitation   = "%%CITATION = STPHB,211,1;%%"
}


@article{Mizera:2019vvs,
      author         = "Mizera, Sebastian and Pokraka, Andrzej",
      title          = "{From Infinity to Four Dimensions: Higher Residue
                        Pairings and Feynman Integrals}",
      year           = "2019",
      eprint         = "1910.11852",
      archivePrefix  = "arXiv",
      primaryClass   = "hep-th",
      SLACcitation   = "%%CITATION = ARXIV:1910.11852;%%"
}

@book{milnor2016morse,
  title={Morse theory.(AM-51)},
  author={Milnor, John},
  volume={51},
  year={2016},
  publisher={Princeton university press}
}


@book{milnor1968singular,
  title={Singular points of complex hypersurfaces},
  author={Milnor, John},
  year={1968},
  publisher={Princeton University Press}
}

@article{saito1989induced,
  title={Induced $\mathcal{D}$-modules and differential complexes},
  author={Saito, Morihiko},
  journal={Bulletin de la Soci{\'e}t{\'e} Math{\'e}matique de France},
  volume={117},
  number={3},
  pages={361--387},
  year={1989}
}

@book{coutinho_1995, 
    place={Cambridge}, 
    series={London Mathematical Society Student Texts}, 
    title={A Primer of Algebraic D-Modules}, 
    DOI={10.1017/CBO9780511623653}, 
    publisher={Cambridge University Press}, 
    author={Coutinho, S. C.}, 
    year={1995}, 
    collection={London Mathematical Society Student Texts}
}

@article{Baikov:1999yr,
      author         = "Baikov, P. A.",
      title          = "{The Criterion of irreducibility of multiloop Feynman
                        integrals}",
      journal        = "Phys. Lett.",
      volume         = "B474",
      year           = "2000",
      pages          = "385-388",
      doi            = "10.1016/S0370-2693(00)00053-8",
      eprint         = "hep-ph/9912421",
      archivePrefix  = "arXiv",
      primaryClass   = "hep-ph",
      reportNumber   = "INP-MSU-99-45-603, TTP-99-52",
      SLACcitation   = "%%CITATION = HEP-PH/9912421;%%"
}

@article{Smirnov:2003kc,
      author         = "Smirnov, Vladimir A. and Steinhauser, Matthias",
      title          = "{Solving recurrence relations for multiloop Feynman
                        integrals}",
      journal        = "Nucl. Phys.",
      volume         = "B672",
      year           = "2003",
      pages          = "199-221",
      doi            = "10.1016/j.nuclphysb.2003.09.003",
      eprint         = "hep-ph/0307088",
      archivePrefix  = "arXiv",
      primaryClass   = "hep-ph",
      reportNumber   = "DESY-03-081",
      SLACcitation   = "%%CITATION = HEP-PH/0307088;%%"
}

@article{Baikov:1998ax,
      author         = "Baikov, P. A. and Steinhauser, M.",
      title          = "{Three loop vacuum integrals in FORM and REDUCE}",
      journal        = "Comput. Phys. Commun.",
      volume         = "115",
      year           = "1998",
      pages          = "161-169",
      doi            = "10.1016/S0010-4655(98)00125-8",
      eprint         = "hep-ph/9802429",
      archivePrefix  = "arXiv",
      primaryClass   = "hep-ph",
      reportNumber   = "INP-98-7-508, MPI-PHT-98-19",
      SLACcitation   = "%%CITATION = HEP-PH/9802429;%%"
}

@article{Baikov:1996rk,
      author         = "Baikov, P. A.",
      title          = "{Explicit solutions of the three loop vacuum integral
                        recurrence relations}",
      journal        = "Phys. Lett.",
      volume         = "B385",
      year           = "1996",
      pages          = "404-410",
      doi            = "10.1016/0370-2693(96)00835-0",
      eprint         = "hep-ph/9603267",
      archivePrefix  = "arXiv",
      primaryClass   = "hep-ph",
      reportNumber   = "INP-96-10-417",
      SLACcitation   = "%%CITATION = HEP-PH/9603267;%%"
}

@article{Baikov:2010hf,
      author         = "Baikov, P. A. and Chetyrkin, K. G.",
      title          = "{Four Loop Massless Propagators: An Algebraic Evaluation
                        of All Master Integrals}",
      journal        = "Nucl. Phys.",
      volume         = "B837",
      year           = "2010",
      pages          = "186-220",
      doi            = "10.1016/j.nuclphysb.2010.05.004",
      eprint         = "1004.1153",
      archivePrefix  = "arXiv",
      primaryClass   = "hep-ph",
      reportNumber   = "TTP10-18, SFB-CPP-10-24",
      SLACcitation   = "%%CITATION = ARXIV:1004.1153;%%"
}

@book{Smirnov:2006ry,
      author         = "Smirnov, V. A.",
      title          = "{Feynman integral calculus}",
      journal        = "Berlin, Germany: Springer (2006) 283 p",
      year           = "2006",
      SLACcitation   = "%%CITATION = INSPIRE-728109;%%"
}

@article{Frellesvig:2017aai,
      author         = "Frellesvig, Hjalte and Papadopoulos, Costas G.",
      title          = "{Cuts of Feynman Integrals in Baikov representation}",
      journal        = "JHEP",
      volume         = "04",
      year           = "2017",
      pages          = "083",
      doi            = "10.1007/JHEP04(2017)083",
      eprint         = "1701.07356",
      archivePrefix  = "arXiv",
      primaryClass   = "hep-ph",
      SLACcitation   = "%%CITATION = ARXIV:1701.07356;%%"
}

@article{Broggio:2019ewu,
      author         = "Broggio, Alessandro and Ferroglia, Andrea and Frederix,
                        Rikkert and Pagani, Davide and Pecjak, Benjamin D. and
                        Tsinikos, Ioannis",
      title          = "{Top-quark pair hadroproduction in association with a
                        heavy boson at NLO+NNLL including EW corrections}",
      journal        = "JHEP",
      volume         = "08",
      year           = "2019",
      pages          = "039",
      doi            = "10.1007/JHEP08(2019)039",
      eprint         = "1907.04343",
      archivePrefix  = "arXiv",
      primaryClass   = "hep-ph",
      reportNumber   = "TUM-HEP-1208/19, LU-TP 19-30, IPPP/19/57",
      SLACcitation   = "%%CITATION = ARXIV:1907.04343;%%"
}

@article{Mizera:2017rqa,
      author         = "Mizera, Sebastian",
      title          = "{Scattering Amplitudes from Intersection Theory}",
      journal        = "Phys. Rev. Lett.",
      volume         = "120",
      year           = "2018",
      number         = "14",
      pages          = "141602",
      doi            = "10.1103/PhysRevLett.120.141602",
      eprint         = "1711.00469",
      archivePrefix  = "arXiv",
      primaryClass   = "hep-th",
      SLACcitation   = "%%CITATION = ARXIV:1711.00469;%%"
}

@article{Mohr:2015ccw,
      author         = "Mohr, Peter J. and Newell, David B. and Taylor, Barry N.",
      title          = "{CODATA Recommended Values of the Fundamental Physical
                        Constants: 2014}",
      journal        = "Rev. Mod. Phys.",
      volume         = "88",
      year           = "2016",
      number         = "3",
      pages          = "035009",
      doi            = "10.1103/RevModPhys.88.035009",
      eprint         = "1507.07956",
      archivePrefix  = "arXiv",
      primaryClass   = "physics.atom-ph",
      SLACcitation   = "%%CITATION = ARXIV:1507.07956;%%"
}

@book{Ng:1996ku,
      editor         = "Ng, Y. J.",
      title          = "{Julian Schwinger: The physicist, the teacher, and the
                        man}",
      journal        = "Singapore, Singapore: World Scientific (1996) 195 p",
      year           = "1996",
      SLACcitation   = "%%CITATION = INSPIRE-430951;%%"
}

@misc{RDS:AG,
  Author = {Ray D. Sameshima},
  Howpublished = {Unpublished},
  Title = {A review note on Algebraic Geometry},
  note = "URL: \url{https://github.com/raydsameshima/latex/tree/master/Groebner}",
}

@misc{RDS:FRFF,
  Author = {Ray D. Sameshima},
  Howpublished = {Unpublished},
  Title = {A note on functional reconstruction and finite fields},
  note = "URL: \url{https://github.com/raydsameshima/latex/tree/master/FiniteFields}",
}

@misc{RDS:H,
  Author = {Ray D. Sameshima},
  Howpublished = {Unpublished},
  Title = {A note on homology theory},
  note = "URL: \url{https://github.com/raydsameshima/latex/tree/master/Homology}",
}

@misc{RDS:Lie,
  Author = {Ray D. Sameshima},
  Howpublished = {Unpublished},
  Title = {A note on classical Lie algebras with Maxima CAS},
  note = "URL: \url{https://github.com/raydsameshima/latex/tree/master/LieAlgebra}",
}

@article{Ellis:1975ap,
      author         = "Ellis, John R. and Gaillard, Mary K. and Nanopoulos,
                        Dimitri V.",
      title          = "{A Phenomenological Profile of the Higgs Boson}",
      journal        = "Nucl. Phys.",
      volume         = "B106",
      year           = "1976",
      pages          = "292",
      doi            = "10.1016/0550-3213(76)90382-5",
      reportNumber   = "CERN-TH-2093",
      SLACcitation   = "%%CITATION = NUPHA,B106,292;%%"
}

@article{Barbieri:1975xy,
      author         = "Barbieri, Riccardo and Ericson, Torleif Erik Oskar",
      title          = "{Evidence Against the Existence of a Low Mass Scalar
                        Boson from Neutron-Nucleus Scattering}",
      journal        = "Phys. Lett.",
      volume         = "57B",
      year           = "1975",
      pages          = "270-272",
      doi            = "10.1016/0370-2693(75)90073-8",
      reportNumber   = "CERN-TH-2011",
      SLACcitation   = "%%CITATION = PHLTA,57B,270;%%"
}

@article{Kohler:1974zz,
      author         = "Kohler, D. and Watson, B. A. and Becker, J. A.",
      title          = "{Experimental Search for a Low-Mass Scalar Boson}",
      journal        = "Phys. Rev. Lett.",
      volume         = "33",
      year           = "1974",
      pages          = "1628-1631",
      doi            = "10.1103/PhysRevLett.33.1628",
      SLACcitation   = "%%CITATION = PRLTA,33,1628;%%"
}

@article{Resnick:1973vg,
      author         = "Resnick, L. and Sundaresan, M. K. and Watson, P. J. S.",
      title          = "{Is there a light scalar boson?}",
      journal        = "Phys. Rev.",
      volume         = "D8",
      year           = "1973",
      pages          = "172-178",
      doi            = "10.1103/PhysRevD.8.172",
      SLACcitation   = "%%CITATION = PHRVA,D8,172;%%"
}

@article{Nisati:2015iwc,
      author         = "Nisati, A. and Tonelli, G.",
      title          = "{The discovery of the Higgs boson at the Large Hadron
                        Collider}",
      journal        = "Riv. Nuovo Cim.",
      volume         = "38",
      year           = "2015",
      number         = "11",
      pages          = "507-573",
      doi            = "10.1393/ncr/i2015-10118-8",
      SLACcitation   = "%%CITATION = RNCIB,38,507;%%"
}

@article{10.1143/PTP.54.1564,
    author = {Sato, Katsuhiko and Sato, Humitaka},
    title = "{Higgs Meson Emission from a Star and a Constraint on Its Mass}",
    journal = {Progress of Theoretical Physics},
    volume = {54},
    number = {5},
    pages = {1564-1565},
    year = {1975},
    month = {11},
    issn = {0033-068X},
    doi = {10.1143/PTP.54.1564},
    url = {https://doi.org/10.1143/PTP.54.1564},
    eprint = {http://oup.prod.sis.lan/ptp/article-pdf/54/5/1564/5399736/54-5-1564.pdf},
}

@article{Adler:1974ge,
      author         = "Adler, Stephen L. and Dashen, Roger F. and Treiman, S.
                        B.",
      title          = "{Comments on Proposed Explanations for the $\mu$ - Mesic
                        Atom X-Ray Discrepancy}",
      journal        = "Phys. Rev.",
      volume         = "D10",
      year           = "1974",
      pages          = "3728",
      doi            = "10.1103/PhysRevD.10.3728",
      reportNumber   = "FNAL-PUB-74-064-THY, FERMILAB-PUB-74-064-T",
      SLACcitation   = "%%CITATION = PHRVA,D10,3728;%%"
}

@incollection{Ellis:2015tba,
      author         = "Ellis, John and Gaillard, Mary K. and Nanopoulos, Dimitri
                        V.",
      title          = "{A Historical Profile of the Higgs Boson}",
      editor         = "Maiani, Luciano and Rolandi, Luigi",
      booktitle      = "The standard theory of particle physics: Essays to
                        celebrate CERN‚Äôs 60th anniversary",
      year           = "2016",
      pages          = "255-274",
      doi            = "10.1142/9789814733519_0014",
      eprint         = "1504.07217",
      archivePrefix  = "arXiv",
      primaryClass   = "hep-ph",
      reportNumber   = "KCL-PH-TH-2015-20, LCTS-2015-10, CERN-PH-TH-2015-098",
      SLACcitation   = "%%CITATION = ARXIV:1504.07217;%%"
}

@article{Ellis:2012sy,
      author         = "Ellis, John and Gaillard, Mary K. and Nanopoulos, Dimitri
                        V.",
      title          = "{A Historical Profile of the Higgs Boson}",
      year           = "2012",
      eprint         = "1201.6045",
      archivePrefix  = "arXiv",
      primaryClass   = "hep-ph",
      reportNumber   = "KCL-PH-TH-2012-04, LCTS-2012-01, CERN-PH-TH-2012-009,
                        LBNL, UCB-PTH-12-01, ACT-1-12, MIFPA-12-01",
      SLACcitation   = "%%CITATION = ARXIV:1201.6045;%%"
}

@article{Aaboud:2019njj,
      author         = "Aaboud, Morad and others",
      title          = "{Measurement of the $t\bar{t}Z$ and $t\bar{t}W$ cross
                        sections in proton-proton collisions at $\sqrt{s}=13$ TeV
                        with the ATLAS detector}",
      collaboration  = "ATLAS",
      journal        = "Phys. Rev.",
      volume         = "D99",
      year           = "2019",
      number         = "7",
      pages          = "072009",
      doi            = "10.1103/PhysRevD.99.072009",
      eprint         = "1901.03584",
      archivePrefix  = "arXiv",
      primaryClass   = "hep-ex",
      reportNumber   = "CERN-EP-2018-331",
      SLACcitation   = "%%CITATION = ARXIV:1901.03584;%%"
}

@article{Sirunyan:2017uzs,
      author         = "Sirunyan, Albert M and others",
      title          = "{Measurement of the cross section for top quark pair
                        production in association with a W or Z boson in
                        proton-proton collisions at $\sqrt{s} =$ 13 TeV}",
      collaboration  = "CMS",
      journal        = "JHEP",
      volume         = "08",
      year           = "2018",
      pages          = "011",
      doi            = "10.1007/JHEP08(2018)011",
      eprint         = "1711.02547",
      archivePrefix  = "arXiv",
      primaryClass   = "hep-ex",
      reportNumber   = "CMS-TOP-17-005, CERN-EP-2017-286",
      SLACcitation   = "%%CITATION = ARXIV:1711.02547;%%"
}

@article{Abreu:2017ptx,
      author         = "Abreu, Samuel and Britto, Ruth and Duhr, Claude and
                        Gardi, Einan",
      title          = "{Cuts from residues: the one-loop case}",
      journal        = "JHEP",
      volume         = "06",
      year           = "2017",
      pages          = "114",
      doi            = "10.1007/JHEP06(2017)114",
      eprint         = "1702.03163",
      archivePrefix  = "arXiv",
      primaryClass   = "hep-th",
      reportNumber   = "CERN-TH-2017-033, CP3-17-05, Edinburgh-2017-05,
                        FR-PHENO-2017-001",
      SLACcitation   = "%%CITATION = ARXIV:1702.03163;%%"
}

@book{Speer:104802,
      author        = "Speer, Eugene R",
      title         = "{Generalized Feynman amplitudes (AM-62)}",
      publisher     = "Princeton Univ. Press",
      address       = "Princeton, NJ",
      series        = "Ann. Math. Stud.",
      year          = "1969",
}

@article{TorresBobadilla:2018ojb,
      author         = "Torres Bobadilla, William Javier",
      title          = "{On the Adaptive Integrand Decomposition of Two-loop
                        Scattering Amplitudes}",
      booktitle      = "{Proceedings, 14th DESY Workshop on Elementary Particle
                        Physics: Loops and Legs in Quantum Field Theory 2018
                        (LL2018): St. Goar, Germany, April 29-May 04, 2018}",
      journal        = "PoS",
      volume         = "LL2018",
      year           = "2018",
      pages          = "036",
      doi            = "10.22323/1.303.0036",
      SLACcitation   = "%%CITATION = POSCI,LL2018,036;%%"
}

@article{cho_matsumoto_1995, 
    title={Intersection theory for twisted cohomologies and twisted Riemann‚Äôs period relations I}, 
    volume={139}, 
    DOI={10.1017/S0027763000005304}, 
    journal={Nagoya Mathematical Journal}, 
    publisher={Cambridge University Press}, 
    author={Cho, Koji and Matsumoto, Keiji}, 
    year={1995}, 
    pages={67‚Äì86}
}

@article{doi:10.1002/mana.19941660122,
    author = {Kita, Michitake and Yoshida, Masaaki},
    title = {Intersection Theory for Twisted Cycles},
    journal = {Mathematische Nachrichten},
    volume = {166},
    number = {1},
    pages = {287-304},
    doi = {10.1002/mana.19941660122},
    url = {https://onlinelibrary.wiley.com/doi/abs/10.1002/mana.19941660122},
    eprint = {https://onlinelibrary.wiley.com/doi/pdf/10.1002/mana.19941660122},
    year = {1994}
}

@article{Mastrolia:2011pr,
      author         = "Mastrolia, Pierpaolo and Ossola, Giovanni",
      title          = "{On the Integrand-Reduction Method for Two-Loop
                        Scattering Amplitudes}",
      journal        = "JHEP",
      volume         = "11",
      year           = "2011",
      pages          = "014",
      doi            = "10.1007/JHEP11(2011)014",
      eprint         = "1107.6041",
      archivePrefix  = "arXiv",
      primaryClass   = "hep-ph",
      SLACcitation   = "%%CITATION = ARXIV:1107.6041;%%"
}

@article{Parker:2018vye,
      author         = "Parker, Richard H. and Yu, Chenghui and Zhong, Weicheng
                        and Estey, Brian and M√ºller, Holger",
      title          = "{Measurement of the fine-structure constant as a test of
                        the Standard Model}",
      journal        = "Science",
      volume         = "360",
      year           = "2018",
      pages          = "191",
      doi            = "10.1126/science.aap7706",
      eprint         = "1812.04130",
      archivePrefix  = "arXiv",
      primaryClass   = "physics.atom-ph",
      SLACcitation   = "%%CITATION = ARXIV:1812.04130;%%"
}

@article{Aoyama:2017uqe,
      author         = "Aoyama, Tatsumi and Kinoshita, Toichiro and Nio, Makiko",
      title          = "{Revised and Improved Value of the QED Tenth-Order
                        Electron Anomalous Magnetic Moment}",
      journal        = "Phys. Rev.",
      volume         = "D97",
      year           = "2018",
      number         = "3",
      pages          = "036001",
      doi            = "10.1103/PhysRevD.97.036001",
      eprint         = "1712.06060",
      archivePrefix  = "arXiv",
      primaryClass   = "hep-ph",
      reportNumber   = "RIKEN-QHP-345",
      SLACcitation   = "%%CITATION = ARXIV:1712.06060;%%"
}

@misc { physics,
      
      title = "physics",
      year = "2009",
      publisher = "Oxford University Press",
      isbn = "9780199233991",

      url = "https://www.oxfordreference.com/view/10.1093/acref/9780199233991.001.0001/acref-9780199233991-e-2324"
}

@article{ATLAS:2011dka,
      title          = "{Combination of Higgs Boson Searches with up to 4.9 fb-1
                        of pp Collisions Data Taken at a center-of-mass energy of
                        7 TeV with the ATLAS Experiment at the LHC}",
      collaboration  = "ATLAS",
      year           = "2011",
      reportNumber   = "ATLAS-CONF-2011-163",
      SLACcitation   = "%%CITATION = ATLAS-CONF-2011-163;%%"
}

@article{CMS:2011mta,
      author         = "CMS Collaboration",
      title          = "{Combination of SM Higgs Searches}",
      collaboration  = "CMS",
      year           = "2011",
      reportNumber   = "CMS-PAS-HIG-11-032",
      SLACcitation   = "%%CITATION = CMS-PAS-HIG-11-032;%%"
}

@article{Barate:2003sz,
      author         = "Barate, R. and others",
      title          = "{Search for the standard model Higgs boson at LEP}",
      collaboration  = "LEP Working Group for Higgs boson searches, ALEPH,
                        DELPHI, L3, OPAL",
      journal        = "Phys. Lett.",
      volume         = "B565",
      year           = "2003",
      pages          = "61-75",
      doi            = "10.1016/S0370-2693(03)00614-2",
      eprint         = "hep-ex/0306033",
      archivePrefix  = "arXiv",
      primaryClass   = "hep-ex",
      reportNumber   = "CERN-EP-2003-011",
      SLACcitation   = "%%CITATION = HEP-EX/0306033;%%"
}

@article{Guralnik:1964eu,
      author         = "Guralnik, G. S. and Hagen, C. R. and Kibble, T. W. B.",
      title          = "{Global Conservation Laws and Massless Particles}",
      journal        = "Phys. Rev. Lett.",
      volume         = "13",
      year           = "1964",
      pages          = "585-587",
      doi            = "10.1103/PhysRevLett.13.585",
      note           = "[,162(1964)]",
      SLACcitation   = "%%CITATION = PRLTA,13,585;%%"
}

@article{Higgs:1964pj,
      author         = "Higgs, Peter W.",
      title          = "{Broken Symmetries and the Masses of Gauge Bosons}",
      journal        = "Phys. Rev. Lett.",
      volume         = "13",
      year           = "1964",
      pages          = "508-509",
      doi            = "10.1103/PhysRevLett.13.508",
      note           = "[,160(1964)]",
      SLACcitation   = "%%CITATION = PRLTA,13,508;%%"
}

@article{Englert:1964et,
      author         = "Englert, F. and Brout, R.",
      title          = "{Broken Symmetry and the Mass of Gauge Vector Mesons}",
      journal        = "Phys. Rev. Lett.",
      volume         = "13",
      year           = "1964",
      pages          = "321-323",
      doi            = "10.1103/PhysRevLett.13.321",
      note           = "[,157(1964)]",
      SLACcitation   = "%%CITATION = PRLTA,13,321;%%"
}

@article{Aaboud:2018zhk,
      author         = "Aaboud, Morad and others",
      title          = "{Observation of $H \rightarrow b\bar{b}$ decays and $VH$
                        production with the ATLAS detector}",
      collaboration  = "ATLAS",
      journal        = "Phys. Lett.",
      volume         = "B786",
      year           = "2018",
      pages          = "59-86",
      doi            = "10.1016/j.physletb.2018.09.013",
      eprint         = "1808.08238",
      archivePrefix  = "arXiv",
      primaryClass   = "hep-ex",
      reportNumber   = "CERN-EP-2018-215",
      SLACcitation   = "%%CITATION = ARXIV:1808.08238;%%"
}

@article{Sirunyan:2017elk,
      author         = "Sirunyan, Albert M and others",
      title          = "{Evidence for the Higgs boson decay to a bottom
                        quark‚Äìantiquark pair}",
      collaboration  = "CMS",
      journal        = "Phys. Lett.",
      volume         = "B780",
      year           = "2018",
      pages          = "501-532",
      doi            = "10.1016/j.physletb.2018.02.050",
      eprint         = "1709.07497",
      archivePrefix  = "arXiv",
      primaryClass   = "hep-ex",
      reportNumber   = "CMS-HIG-16-044, CERN-EP-2017-233",
      SLACcitation   = "%%CITATION = ARXIV:1709.07497;%%"
}

@article{Aaboud:2018urx,
      author         = "Aaboud, M. and others",
      title          = "{Observation of Higgs boson production in association
                        with a top quark pair at the LHC with the ATLAS detector}",
      collaboration  = "ATLAS",
      journal        = "Phys. Lett.",
      volume         = "B784",
      year           = "2018",
      pages          = "173-191",
      doi            = "10.1016/j.physletb.2018.07.035",
      eprint         = "1806.00425",
      archivePrefix  = "arXiv",
      primaryClass   = "hep-ex",
      reportNumber   = "CERN-EP-2018-138",
      SLACcitation   = "%%CITATION = ARXIV:1806.00425;%%"
}

@article{Sirunyan:2018hoz,
      author         = "Sirunyan, Albert M and others",
      title          = "{Observation of $\mathrm{t\overline{t}}$H production}",
      collaboration  = "CMS",
      journal        = "Phys. Rev. Lett.",
      volume         = "120",
      year           = "2018",
      number         = "23",
      pages          = "231801",
      doi            = "10.1103/PhysRevLett.120.231801",
      eprint         = "1804.02610",
      archivePrefix  = "arXiv",
      primaryClass   = "hep-ex",
      reportNumber   = "CMS-HIG-17-035, CERN-EP-2018-064",
      SLACcitation   = "%%CITATION = ARXIV:1804.02610;%%"
}

@article{Tanabashi:2018oca,
      author         = "Tanabashi, M. and others",
      title          = "{Review of Particle Physics}",
      collaboration  = "Particle Data Group",
      journal        = "Phys. Rev.",
      volume         = "D98",
      year           = "2018",
      number         = "3",
      pages          = "030001",
      doi            = "10.1103/PhysRevD.98.030001",
      SLACcitation   = "%%CITATION = PHRVA,D98,030001;%%"
}

@article{wang2007twisted,
  title={The twisted Mellin transform},
  author={Wang, Zuoqin},
  journal={arXiv preprint arXiv:0706.2642},
  year={2007}
}

@ARTICLE{2007arXiv0706.2642W,
       author = {{Wang}, Zuoqin},
        title = "{The twisted Mellin transform}",
      journal = {arXiv e-prints},
     keywords = {Mathematics - Combinatorics},
         year = "2007",
        month = "Jun",
          eid = {arXiv:0706.2642},
        pages = {arXiv:0706.2642},
archivePrefix = {arXiv},
       eprint = {0706.2642},
 primaryClass = {math.CO},
       adsurl = {https://ui.adsabs.harvard.edu/abs/2007arXiv0706.2642W},
      adsnote = {Provided by the SAO/NASA Astrophysics Data System}
}

@MISC {96018,
    TITLE = {Definition of ‚Äúmaximal‚Äù and ‚Äúminimal‚Äù },
    AUTHOR = {Jonas Meyer (https://math.stackexchange.com/users/1424/jonas-meyer)},
    HOWPUBLISHED = {Mathematics Stack Exchange},
    NOTE = {URL:https://math.stackexchange.com/q/96018 (version: 2017-11-05)},
    EPRINT = {https://math.stackexchange.com/q/96018},
    URL = {https://math.stackexchange.com/q/96018}
}

@article{Becher:2014oda,
      author         = "Becher, Thomas and Broggio, Alessandro and Ferroglia,
                        Andrea",
      title          = "{Introduction to Soft-Collinear Effective Theory}",
      journal        = "Lect. Notes Phys.",
      volume         = "896",
      year           = "2015",
      pages          = "pp.1-206",
      doi            = "10.1007/978-3-319-14848-9",
      eprint         = "1410.1892",
      archivePrefix  = "arXiv",
      primaryClass   = "hep-ph",
      reportNumber   = "PSI-PR-14-12",
      SLACcitation   = "%%CITATION = ARXIV:1410.1892;%%"
}

@article{Smirnov:2010hn,
      author         = "Smirnov, A. V. and Petukhov, A. V.",
      title          = "{The Number of Master Integrals is Finite}",
      journal        = "Lett. Math. Phys.",
      volume         = "97",
      year           = "2011",
      pages          = "37-44",
      doi            = "10.1007/s11005-010-0450-0",
      eprint         = "1004.4199",
      archivePrefix  = "arXiv",
      primaryClass   = "hep-th",
      SLACcitation   = "%%CITATION = ARXIV:1004.4199;%%"
}

@article{vonManteuffel:2014ixa,
      author         = "von Manteuffel, Andreas and Schabinger, Robert M.",
      title          = "{A novel approach to integration by parts reduction}",
      journal        = "Phys. Lett.",
      volume         = "B744",
      year           = "2015",
      pages          = "101-104",
      doi            = "10.1016/j.physletb.2015.03.029",
      eprint         = "1406.4513",
      archivePrefix  = "arXiv",
      primaryClass   = "hep-ph",
      reportNumber   = "MITP-14-009",
      SLACcitation   = "%%CITATION = ARXIV:1406.4513;%%"
}

@book{thomson2015calculus,
  title={The Calculus of Finite Differences},
  author={Thomson, L. M. Milne},
  isbn={9781297543944},
  year={1933},
  publisher={Macmillan And Company.}
}

@misc{Mathematica,
  author = {Wolfram Research{,} Inc.},
  title = {Mathematica, {V}ersion 11.3},
  note = {Champaign, IL, 2018}
}

@article{Mizera:2019gea,
      author         = "Mizera, Sebastian",
      title          = "{Aspects of Scattering Amplitudes and Moduli Space
                        Localization}",
      year           = "2019",
      eprint         = "1906.02099",
      archivePrefix  = "arXiv",
      primaryClass   = "hep-th",
      journal={arXiv preprint arXiv:1906.02099},
      SLACcitation   = "%%CITATION = ARXIV:1906.02099;%%"
}

@mastersthesis{MLucaMasterThesis,
        title="{Multiparticle Scattering Amplitudes at Two-Loop}",
        author="Mattiazzi, Luca",
        year="2018",
        url="http://tesi.cab.unipd.it/61190/",
        school="{University of Padova}",
}

@article{Smirnov:2019qkx,
      author         = "Smirnov, A. V. and Chuharev, F. S.",
      title          = "{FIRE6: Feynman Integral REduction with Modular
                        Arithmetic}",
      year           = "2019",
      eprint         = "1901.07808",
      archivePrefix  = "arXiv",
      primaryClass   = "hep-ph",
      reportNumber   = "TTP19-006",
      SLACcitation   = "%%CITATION = ARXIV:1901.07808;%%"
}

@article{Georgoudis:2016wff,
      author         = "Georgoudis, Alessandro and Larsen, Kasper J. and Zhang,
                        Yang",
      title          = "{Azurite: An algebraic geometry based package for finding
                        bases of loop integrals}",
      journal        = "Comput. Phys. Commun.",
      volume         = "221",
      year           = "2017",
      pages          = "203-215",
      doi            = "10.1016/j.cpc.2017.08.013",
      eprint         = "1612.04252",
      archivePrefix  = "arXiv",
      primaryClass   = "hep-th",
      SLACcitation   = "%%CITATION = ARXIV:1612.04252;%%"
}

@article{Studerus:2009ye,
      author         = "Studerus, C.",
      title          = "{Reduze-Feynman Integral Reduction in C++}",
      journal        = "Comput. Phys. Commun.",
      volume         = "181",
      year           = "2010",
      pages          = "1293-1300",
      doi            = "10.1016/j.cpc.2010.03.012",
      eprint         = "0912.2546",
      archivePrefix  = "arXiv",
      primaryClass   = "physics.comp-ph",
      reportNumber   = "ZU-TH-18-09",
      SLACcitation   = "%%CITATION = ARXIV:0912.2546;%%"
}

@article{vonManteuffel:2012np,
      author         = "von Manteuffel, A. and Studerus, C.",
      title          = "{Reduze 2 - Distributed Feynman Integral Reduction}",
      year           = "2012",
      eprint         = "1201.4330",
      archivePrefix  = "arXiv",
      primaryClass   = "hep-ph",
      reportNumber   = "ZU-TH-01-12, MZ-TH-12-03, BI-TP-2012-02",
      SLACcitation   = "%%CITATION = ARXIV:1201.4330;%%"
}

@article{Smirnov:2014hma,
      author         = "Smirnov, Alexander V.",
      title          = "{FIRE5: a C++ implementation of Feynman Integral
                        REduction}",
      journal        = "Comput. Phys. Commun.",
      volume         = "189",
      year           = "2015",
      pages          = "182-191",
      doi            = "10.1016/j.cpc.2014.11.024",
      eprint         = "1408.2372",
      archivePrefix  = "arXiv",
      primaryClass   = "hep-ph",
      reportNumber   = "SFB-CPP-14-60",
      SLACcitation   = "%%CITATION = ARXIV:1408.2372;%%"
}

@article{Smirnov:2008iw,
      author         = "Smirnov, A. V.",
      title          = "{Algorithm FIRE -- Feynman Integral REduction}",
      journal        = "JHEP",
      volume         = "10",
      year           = "2008",
      pages          = "107",
      doi            = "10.1088/1126-6708/2008/10/107",
      eprint         = "0807.3243",
      archivePrefix  = "arXiv",
      primaryClass   = "hep-ph",
      reportNumber   = "TTP08-30, SFB-CPP-08-51",
      SLACcitation   = "%%CITATION = ARXIV:0807.3243;%%"
}

@article{Anastasiou:2004vj,
      author         = "Anastasiou, Charalampos and Lazopoulos, Achilleas",
      title          = "{Automatic integral reduction for higher order
                        perturbative calculations}",
      journal        = "JHEP",
      volume         = "07",
      year           = "2004",
      pages          = "046",
      doi            = "10.1088/1126-6708/2004/07/046",
      eprint         = "hep-ph/0404258",
      archivePrefix  = "arXiv",
      primaryClass   = "hep-ph",
      reportNumber   = "SLAC-PUB-10428",
      SLACcitation   = "%%CITATION = HEP-PH/0404258;%%"
}

@book{nakanishi1971graph,
  title={Graph theory and Feynman integrals},
  author={Nakanishi, Noboru},
  year={1971},
  publisher={Gordon and Breach}
}

@article{Smirnov:2012gma,
      author         = "Smirnov, Vladimir A.",
      title          = "{Analytic tools for Feynman integrals}",
      journal        = "Springer Tracts Mod. Phys.",
      volume         = "250",
      year           = "2012",
      pages          = "1-296",
      doi            = "10.1007/978-3-642-34886-0",
      SLACcitation   = "%%CITATION = STPHB,250,1;%%"
}

@article{Frellesvig:2019uqt,
      author         = "Frellesvig, Hjalte and Gasparotto, Federico and Mandal,
                        Manoj K. and Mastrolia, Pierpaolo and Mattiazzi, Luca and
                        Mizera, Sebastian",
      title          = "{Vector Space of Feynman Integrals and Multivariate
                        Intersection Numbers}",
      year           = "2019",
      eprint         = "1907.02000",
      archivePrefix  = "arXiv",
      primaryClass   = "hep-th",
      journal={arXiv preprint arXiv:1907.02000},
      SLACcitation   = "%%CITATION = ARXIV:1907.02000;%%"
}

@inproceedings{Wang:1981:PAU:800206.806398,
 author = {Wang, Paul S.},
 title = {A P-adic Algorithm for Univariate Partial Fractions},
 booktitle = {Proceedings of the Fourth ACM Symposium on Symbolic and Algebraic Computation},
 series = {SYMSAC '81},
 year = {1981},
 isbn = {0-89791-047-8},
 location = {Snowbird, Utah, USA},
 pages = {212--217},
 numpages = {6},
 url = {http://doi.acm.org/10.1145/800206.806398},
 doi = {10.1145/800206.806398},
 acmid = {806398},
 publisher = {ACM},
 address = {New York, NY, USA},
} 

@article{matsumoto1998intersection,
  title={Intersection numbers for logarithmic k-forms},
  author={Matsumoto, Keiji},
  journal={Osaka Journal of mathematics},
  volume={35},
  number={4},
  pages={873--893},
  year={1998},
  publisher={Osaka University and Osaka City University, Departments of Mathematics}
}

@article{cho1995intersection,
  title={Intersection theory for twisted cohomologies and twisted Riemann‚Äôs period relations I},
  author={Cho, Koji and Matsumoto, Keiji},
  journal={Nagoya Mathematical Journal},
  volume={139},
  pages={67--86},
  year={1995},
  publisher={Cambridge University Press}
}

@article{Chetyrkin:1981qh,
      author         = "Chetyrkin, K. G. and Tkachov, F. V.",
      title          = "{Integration by Parts: The Algorithm to Calculate beta
                        Functions in 4 Loops}",
      journal        = "Nucl. Phys.",
      volume         = "B192",
      year           = "1981",
      pages          = "159-204",
      doi            = "10.1016/0550-3213(81)90199-1",
      SLACcitation   = "%%CITATION = NUPHA,B192,159;%%"
}

@article{PhysRev.82.664,
  title = {On Gauge Invariance and Vacuum Polarization},
  author = {Schwinger, Julian},
  journal = {Phys. Rev.},
  volume = {82},
  issue = {5},
  pages = {664--679},
  numpages = {0},
  year = {1951},
  month = {06},
  publisher = {American Physical Society},
  doi = {10.1103/PhysRev.82.664},
  url = {https://link.aps.org/doi/10.1103/PhysRev.82.664}
}

@article{PhysRev.76.769,
  title = {Space-Time Approach to Quantum Electrodynamics},
  author = {Feynman, R. P.},
  journal = {Phys. Rev.},
  volume = {76},
  issue = {6},
  pages = {769--789},
  numpages = {0},
  year = {1949},
  month = {09},
  publisher = {American Physical Society},
  doi = {10.1103/PhysRev.76.769},
  url = {https://link.aps.org/doi/10.1103/PhysRev.76.769}
}


@book{Peskin:1995ev,
      author         = "Peskin, Michael E. and Schroeder, Daniel V.",
      title          = "{An Introduction to quantum field theory}",
      publisher      = "Addison-Wesley",
      address        = "Reading, USA",
      year           = "1995",
      url            = "http://www.slac.stanford.edu/~mpeskin/QFT.html",
      ISBN           = "9780201503975, 0201503972",
      SLACcitation   = "%%CITATION = INSPIRE-407703;%%"
}

@book{Weinberg:1995mt,
      author         = "Weinberg, Steven",
      title          = "{The Quantum theory of fields. Vol. 1: Foundations}",
      publisher      = "Cambridge University Press",
      year           = "2005",
      ISBN           = "9780521670531, 9780511252044",
      SLACcitation   = "%%CITATION = INSPIRE-406190;%%"
}

@article{Baikov:1996iu,
      author         = "Baikov, P. A.",
      title          = "{Explicit solutions of the multiloop integral recurrence
                        relations and its application}",
      booktitle      = "{New computing techniques in physics research V.
                        Proceedings, 5th International Workshop, AIHENP '96,
                        Lausanne, Switzerland, September 2-6, 1996}",
      journal        = "Nucl. Instrum. Meth.",
      volume         = "A389",
      year           = "1997",
      pages          = "347-349",
      doi            = "10.1016/S0168-9002(97)00126-5",
      eprint         = "hep-ph/9611449",
      archivePrefix  = "arXiv",
      primaryClass   = "hep-ph",
      reportNumber   = "INP-96-42-449",
      SLACcitation   = "%%CITATION = HEP-PH/9611449;%%"
}

@article{Bonvini:2014joa,
      author         = "Bonvini, Marco and Marzani, Simone",
      title          = "{Resummed Higgs cross section at N$^{3}$LL}",
      journal        = "JHEP",
      volume         = "09",
      year           = "2014",
      pages          = "007",
      doi            = "10.1007/JHEP09(2014)007",
      eprint         = "1405.3654",
      archivePrefix  = "arXiv",
      primaryClass   = "hep-ph",
      reportNumber   = "DESY-14-075, DCPT-14-94, IPPP-14-47",
      SLACcitation   = "%%CITATION = ARXIV:1405.3654;%%"
}

@phdthesis{Bonvini:2012sh,
      author         = "Bonvini, Marco",
      title          = "{Resummation of soft and hard gluon radiation in
                        perturbative QCD}",
      school         = "Genoa U.",
      year           = "2012",
      url            = "http://www.infn.it/thesis/thesis_dettaglio.php?tid=6613",
      eprint         = "1212.0480",
      archivePrefix  = "arXiv",
      primaryClass   = "hep-ph",
      SLACcitation   = "%%CITATION = ARXIV:1212.0480;%%"
}

@article{Aad:2015eua,
      author         = "Aad, Georges and others",
      title          = "{Measurement of the $ t\overline{t}W $ and $
                        t\overline{t}Z $ production cross sections in pp
                        collisions at $ \sqrt{s}=8 $ TeV with the ATLAS detector}",
      collaboration  = "ATLAS",
      journal        = "JHEP",
      volume         = "11",
      year           = "2015",
      pages          = "172",
      doi            = "10.1007/JHEP11(2015)172",
      eprint         = "1509.05276",
      archivePrefix  = "arXiv",
      primaryClass   = "hep-ex",
      reportNumber   = "CERN-PH-EP-2015-208",
      SLACcitation   = "%%CITATION = ARXIV:1509.05276;%%"
}

@article{Khachatryan:2015sha,
      author         = "Khachatryan, Vardan and others",
      title          = "{Observation of top quark pairs produced in association
                        with a vector boson in pp collisions at $ \sqrt{s}=8 $
                        TeV}",
      collaboration  = "CMS",
      journal        = "JHEP",
      volume         = "01",
      year           = "2016",
      pages          = "096",
      doi            = "10.1007/JHEP01(2016)096",
      eprint         = "1510.01131",
      archivePrefix  = "arXiv",
      primaryClass   = "hep-ex",
      reportNumber   = "CMS-TOP-14-021, CERN-PH-EP-2015-248",
      SLACcitation   = "%%CITATION = ARXIV:1510.01131;%%"
}

@article{TheATLAScollaboration:2016ems,
      author         = "The ATLAS Collaboration",
      title          = "{Measurement of the $t\bar{t}Z$ and $t\bar{t}W$
                        production cross sections in multilepton final states
                        using 3.2 fb$^{-1}$ of $pp$ collisions at 13 TeV at the
                        LHC}",
      year           = "2016",
      reportNumber   = "ATLAS-CONF-2016-003",
      SLACcitation   = "%%CITATION = ATLAS-CONF-2016-003;%%"
}

@article{CMS:2016dui,
      author         = "CMS Collaboration",
      title          = "{Measurement of the top pair-production in association
                        with a W or Z boson in pp collisions at 13 TeV}",
      collaboration  = "CMS",
      year           = "2016",
      reportNumber   = "CMS-PAS-TOP-16-017",
      SLACcitation   = "%%CITATION = CMS-PAS-TOP-16-017;%%"
}

@article{Lee:2012cn,
      author         = "Lee, R. N.",
      title          = "{Presenting LiteRed: a tool for the Loop InTEgrals
                        REDuction}",
      year           = "2012",
      eprint         = "1212.2685",
      archivePrefix  = "arXiv",
      primaryClass   = "hep-ph",
      SLACcitation   = "%%CITATION = ARXIV:1212.2685;%%"
}

@article{Passarino:1978jh,
      author         = "Passarino, G. and Veltman, M. J. G.",
      title          = "{One Loop Corrections for e+ e- Annihilation Into mu+ mu-
                        in the Weinberg Model}",
      journal        = "Nucl. Phys.",
      volume         = "B160",
      year           = "1979",
      pages          = "151-207",
      doi            = "10.1016/0550-3213(79)90234-7",
      reportNumber   = "Print-79-0284 (UTRECHT)",
      SLACcitation   = "%%CITATION = NUPHA,B160,151;%%"
}

@book{stoer1993introduction,
  title={Introduction to Numerical Analysis, Second Edition},
  author={Stoer, J. and Bartels, R. and Gautschi, W. and Bulirsch, R. and Witzgall, C.},
  isbn={9781475755923},
  lccn={79014629},
  url={https://www.springer.com/us/book/9781475722727},
  year={1993},
  publisher={Springer-Verlag New York}
}

@article{Bern:1993kr,
      author         = "Bern, Zvi and Dixon, Lance J. and Kosower, David A.",
      title          = "{Dimensionally regulated pentagon integrals}",
      journal        = "Nucl. Phys.",
      volume         = "B412",
      year           = "1994",
      pages          = "751-816",
      doi            = "10.1016/0550-3213(94)90398-0",
      eprint         = "hep-ph/9306240",
      archivePrefix  = "arXiv",
      primaryClass   = "hep-ph",
      reportNumber   = "SLAC-PUB-5947, SACLAY-SPH-T-92-048, UCLA-92-043",
      SLACcitation   = "%%CITATION = HEP-PH/9306240;%%"
}

% biber --tool --output_align --output_indent=2 --output_fieldcase=lower Bibliography.bib 

@inproceedings{Knill2010TheRT,
  author = {Knill, Oliver},
  year   = {2010},
  title  = {{The residue theorem and its applications}},
  booktitle  = {{The residue theorem and its applications}},
  urlraw = {{http://www.math.harvard.edu/~knill/teaching/residues_1996/residue.pdf}},
}

@book{Itzykson:1980rh,
  author       = {Itzykson, C. and Zuber, J. B.},
  location     = {New York},
  publisher    = {McGraw-Hill},
  year         = {1980},
  isbn         = {9780486445687, 0486445682},
  journaltitle = {New York, Usa: Mcgraw-hill (1980) 705 P.(International Series In Pure and Applied Physics)},
  series       = {International Series In Pure and Applied Physics},
  title        = {{Quantum Field Theory}},
  urlraw       = {http://dx.doi.org/10.1063/1.2916419},
}

@article{fractalfract3010001,
  abstract     = {This paper establishes a real integral representation of the reciprocal Gamma function in terms of a regularized hypersingular integral along the real line. A regularized complex representation along the Hankel path is derived. The equivalence with the Heine&rsquo;s complex representation is demonstrated. For both real and complex integrals, the regularized representation can be expressed in terms of the two-parameter Mittag-Leffler function. Reference numerical implementations in the Computer Algebra System Maxima are provided.},
  author       = {Prodanov, Dimiter},
  year         = {2019},
  doi          = {10.3390/fractalfract3010001},
  issn         = {2504-3110},
  journaltitle = {Fractal and Fractional},
  number       = {1},
  title        = {Regularized Integral Representations of the Reciprocal Gamma Function},
  urlraw       = {http://www.mdpi.com/2504-3110/3/1/1},
  volume       = {3},
}

@article{Bogner:2010kv,
      author         = "Bogner, Christian and Weinzierl, Stefan",
      title          = "{Feynman graph polynomials}",
      journal        = "Int. J. Mod. Phys.",
      volume         = "A25",
      year           = "2010",
      pages          = "2585-2618",
      doi            = "10.1142/S0217751X10049438",
      eprint         = "1002.3458",
      archivePrefix  = "arXiv",
      primaryClass   = "hep-ph",
      SLACcitation   = "%%CITATION = ARXIV:1002.3458;%%"
}

@inproceedings{Vanhove:2018mto,
  author      = {Vanhove, Pierre},
  booktitle   = {{KMPB Conference: Elliptic Integrals, Elliptic Functions and Modular Forms in Quantum Field Theory Zeuthen, Germany, October 23-26, 2017}},
  year        = {2018},
  eprint      = {1807.11466},
  eprintclass = {hep-th},
  eprinttype  = {arXiv},
  title       = {{Feynman integrals, toric geometry and mirror symmetry}},
}

@book{BN00669054,
  author    = {Takizawa, Seiji},
  publisher = {Chikumashobo Ltd.},
  year      = {1971},
  number    = {13},
  series    = {Mathematics course},
  title     = {Manifolds (written in Japanese)},
  urlraw    = {http://ci.nii.ac.jp/ncid/BN00669054},
}

@article{Aad:2012tfa,
  author       = {Aad, Georges and others},
  year         = {2012},
  doi          = {10.1016/j.physletb.2012.08.020},
  eprint       = {1207.7214},
  eprintclass  = {hep-ex},
  eprinttype   = {arXiv},
  journal      = {Phys. Lett.},
  journaltitle = {Phys. Lett.},
  pages        = {1--29},
  title        = {{Observation of a new particle in the search for the Standard Model Higgs boson with the ATLAS detector at the LHC}},
  volume       = {B716},
}

@article{Chatrchyan:2012xdj,
  author       = {Chatrchyan, Serguei and others},
  year         = {2012},
  doi          = {10.1016/j.physletb.2012.08.021},
  eprint       = {1207.7235},
  eprintclass  = {hep-ex},
  eprinttype   = {arXiv},
  journal      = {Phys. Lett.},
  journaltitle = {Phys. Lett.},
  pages        = {30--61},
  title        = {{Observation of a new boson at a mass of 125 GeV with the CMS experiment at the LHC}},
  volume       = {B716},
}

@book{pub:21777,
  author    = {{Doets, H.C. and van Eijck, Jan}},
  publisher = {College Publications (May 7, 2004)},
  year      = {2012-12},
  title     = {{The Haskell Road to Logic, Maths and Programming, Second Edition}},
}

@article{Frellesvig:2019kgj,
      author         = "Frellesvig, Hjalte and Gasparotto, Federico and Laporta,
                        Stefano and Mandal, Manoj K. and Mastrolia, Pierpaolo and
                        Mattiazzi, Luca and Mizera, Sebastian",
      title          = "{Decomposition of Feynman Integrals on the Maximal Cut by
                        Intersection Numbers}",
      journal        = "JHEP",
      volume         = "05",
      year           = "2019",
      pages          = "153",
      doi            = "10.1007/JHEP05(2019)153",
      eprint         = "1901.11510",
      archivePrefix  = "arXiv",
      primaryClass   = "hep-ph",
      SLACcitation   = "%%CITATION = ARXIV:1901.11510;%%"
}

@misc{nlab:homepage,
  author       = {{nLab authors}},
  year         = {2019-02},
  howpublished = {\url{http://ncatlab.org/nlab/show/HomePage}},
  note         = {\href{http://ncatlab.org/nlab/revision/HomePage/266}{Revision 266}},
  title        = {{H}ome{P}age},
}

@book{simmons_2011,
  author    = {Simmons, Harold},
  publisher = {Cambridge University Press},
  year      = {2011},
  doi       = {10.1017/CBO9780511863226},
  title     = {An Introduction to Category Theory},
}

@book{riehl2017category,
  author    = {Riehl, E.},
  publisher = {Dover Publications},
  year      = {2017},
  isbn      = {978-0-486-82080-4},
  series    = {Aurora: Dover Modern Math Originals},
  title     = {Category Theory in Context},
  urlraw    = {https://books.google.com/books?id=6B9MDgAAQBAJ},
}

@book{borceux_1994,
  author    = {Borceux, Francis},
  publisher = {Cambridge University Press},
  year      = {1994},
  doi       = {10.1017/CBO9780511525865},
  series    = {Encyclopedia of Mathematics and its Applications},
  title     = {Handbook of Categorical Algebra},
  volume    = {2},
}

@book{aomoto2011theory,
  author    = {Aomoto, K. and Kita, M. and Kohno, T. and Iohara, K.},
  publisher = {Springer Japan},
  year      = {2011},
  isbn      = {978-4-431-53938-4},
  series    = {Springer Monographs in Mathematics},
  title     = {Theory of Hypergeometric Functions},
  urlraw    = {https://books.google.com/books?id=jYvIsr08aEoC},
}

@book{warner1983foundations,
  author    = {Warner, F. W.},
  publisher = {Springer},
  year      = {1983},
  isbn      = {978-0-387-90894-6},
  series    = {Graduate Texts in Mathematics},
  title     = {Foundations of Differentiable Manifolds and Lie Groups},
  urlraw    = {https://www.springer.com/gp/book/9780387908946},
}

@misc{Curien:CategoryTheory,
  author = {Curien, Pierre-Louis},
  year   = {2008},
  title  = {Category theory: a programming language-oriented introduction},
  urlraw = {https://www.irif.fr/~mellies/mpri/mpri-ens/articles/curien-category-theory.pdf},
}

@book{hassani2002mathematical,
  author    = {Hassani, Sadri},
  publisher = {Springer New York},
  year      = {2002},
  isbn      = {978-0-387-98579-4},
  title     = {Mathematical Physics: A Modern Introduction to Its Foundations},
}

@article{Mastrolia:2018uzb,
      author         = "Mastrolia, Pierpaolo and Mizera, Sebastian",
      title          = "{Feynman Integrals and Intersection Theory}",
      journal        = "JHEP",
      volume         = "02",
      year           = "2019",
      pages          = "139",
      doi            = "10.1007/JHEP02(2019)139",
      eprint         = "1810.03818",
      archivePrefix  = "arXiv",
      primaryClass   = "hep-th",
      SLACcitation   = "%%CITATION = ARXIV:1810.03818;%%"
}

@misc{Marlow_haskell2010,
  author = {Marlow, Simon},
  title  = {Haskell 2010 Language Report},
}

@book{Sakurai:1167961,
  author    = {Sakurai, Jun John},
  location  = {Reading, MA},
  publisher = {Addison-Wesley},
  year      = {1994},
  title     = {{Modern quantum mechanics; rev. ed.}},
  urlraw    = {https://cds.cern.ch/record/1167961},
}

@article{Laporta:2001dd,
      author         = "Laporta, S.",
      title          = "{High precision calculation of multiloop Feynman
                        integrals by difference equations}",
      journal        = "Int. J. Mod. Phys.",
      volume         = "A15",
      year           = "2000",
      pages          = "5087-5159",
      doi            = "10.1016/S0217-751X(00)00215-7, 10.1142/S0217751X00002157",
      eprint         = "hep-ph/0102033",
      archivePrefix  = "arXiv",
      primaryClass   = "hep-ph",
      SLACcitation   = "%%CITATION = HEP-PH/0102033;%%"
}

@article{oosthuizen2011mellin,
  author = {Oosthuizen, Joubert},
  year   = {2011},
  title  = {The Mellin transform},
}

@book{Nakahara:2003nw,
      author         = "Nakahara, M.",
      title          = "{Geometry, topology and physics}",
      journal        = "Boca Raton, USA: Taylor & Francis (2003) 573 p",
      year           = "2003",
      SLACcitation   = "%%CITATION = INSPIRE-640779;%%"
}

@article{Tarasov:1996br,
      author         = "Tarasov, O. V.",
      title          = "{Connection between Feynman integrals having different
                        values of the space-time dimension}",
      journal        = "Phys. Rev.",
      volume         = "D54",
      year           = "1996",
      pages          = "6479-6490",
      doi            = "10.1103/PhysRevD.54.6479",
      eprint         = "hep-th/9606018",
      archivePrefix  = "arXiv",
      primaryClass   = "hep-th",
      reportNumber   = "DESY-96-068, JINR-E2-96-62",
      SLACcitation   = "%%CITATION = HEP-TH/9606018;%%"
}

@article{Tarasov:1997kx,
      author         = "Tarasov, O. V.",
      title          = "{Generalized recurrence relations for two loop propagator
                        integrals with arbitrary masses}",
      journal        = "Nucl. Phys.",
      volume         = "B502",
      year           = "1997",
      pages          = "455-482",
      doi            = "10.1016/S0550-3213(97)00376-3",
      eprint         = "hep-ph/9703319",
      archivePrefix  = "arXiv",
      primaryClass   = "hep-ph",
      reportNumber   = "DESY-97-065, JINR-E2-96-433",
      SLACcitation   = "%%CITATION = HEP-PH/9703319;%%"
}

@inproceedings{Weinzierl:2010ps,
  author      = {Weinzierl, Stefan},
  booktitle   = {{Proceedings, Geometric and Topological Methods for Quantum Field Theory : 6th Summer School: Villa de Leyva, Colombia, July 6-23, 2009}},
  year        = {2013},
  eprint      = {1005.1855},
  eprintclass = {hep-ph},
  eprinttype  = {arXiv},
  pages       = {144--187},
  title       = {{Introduction to Feynman Integrals}},
}

@article{Bitoun:2017nre,
      author         = "Bitoun, Thomas and Bogner, Christian and Klausen, Rene
                        Pascal and Panzer, Erik",
      title          = "{Feynman integral relations from parametric
                        annihilators}",
      journal        = "Lett. Math. Phys.",
      volume         = "109",
      year           = "2019",
      number         = "3",
      pages          = "497-564",
      doi            = "10.1007/s11005-018-1114-8",
      eprint         = "1712.09215",
      archivePrefix  = "arXiv",
      primaryClass   = "hep-th",
      SLACcitation   = "%%CITATION = ARXIV:1712.09215;%%"
}

@online{maxima,
  author = {Maxima},
  year = {2017},
  title = {Maxima, a Computer Algebra System.  Version 5.41.0},
  address = {http://maxima.sourceforge.net/},
  url = {http://maxima.sourceforge.net/},
  owner = {maxima},
}

@article{Lee:2013hzt,
      author         = "Lee, Roman N. and Pomeransky, Andrei A.",
      title          = "{Critical points and number of master integrals}",
      journal        = "JHEP",
      volume         = "11",
      year           = "2013",
      pages          = "165",
      doi            = "10.1007/JHEP11(2013)165",
      eprint         = "1308.6676",
      archivePrefix  = "arXiv",
      primaryClass   = "hep-ph",
      SLACcitation   = "%%CITATION = ARXIV:1308.6676;%%"
}

@article{Lee:2008tj,
      author         = "Lee, R. N.",
      title          = "{Group structure of the integration-by-part identities
                        and its application to the reduction of multiloop
                        integrals}",
      journal        = "JHEP",
      volume         = "07",
      year           = "2008",
      pages          = "031",
      doi            = "10.1088/1126-6708/2008/07/031",
      eprint         = "0804.3008",
      archivePrefix  = "arXiv",
      primaryClass   = "hep-ph",
      SLACcitation   = "%%CITATION = ARXIV:0804.3008;%%"
}

@article{Grozin:2011mt,
  author       = {Grozin, A. G.},
  booktitle    = {{Computer Algebra and Particle Physics: CAPP 2011 DESY, Zeuthen, Germany, March 21-25, 2011}},
  year         = {2011},
  doi          = {10.1142/S0217751X11053687},
  eprint       = {1104.3993},
  eprintclass  = {hep-ph},
  eprinttype   = {arXiv},
  journaltitle = {Int. J. Mod. Phys.},
  journal      = {Int. J. Mod. Phys.},
  pages        = {2807--2854},
  title        = {{Integration by parts: An Introduction}},
  volume       = {A26},
}

@article{Ossola:2006us,
  author       = {Ossola, Giovanni and Papadopoulos, Costas G. and Pittau, Roberto},
  year         = {2007},
  doi          = {10.1016/j.nuclphysb.2006.11.012},
  eprint       = {hep-ph/0609007},
  eprintclass  = {hep-ph},
  eprinttype   = {arXiv},
  journal      = {Nucl. Phys.},
  journaltitle = {Nucl. Phys.},
  pages        = {147--169},
  title        = {{Reducing full one-loop amplitudes to scalar integrals at the integrand level}},
  volume       = {B763},
}

@article{Baikov:2005nv,
  author       = {Baikov, P. A.},
  year         = {2006},
  doi          = {10.1016/j.physletb.2006.01.052},
  eprint       = {hep-ph/0507053},
  eprintclass  = {hep-ph},
  eprinttype   = {arXiv},
  journaltitle = {Phys. Lett.},
  pages        = {325--329},
  title        = {{A Practical criterion of irreducibility of multi-loop Feynman integrals}},
  volume       = {B634},
}

@book{Cox:2007:IVA:1204670,
  author    = {Cox, David A. and Little, John and O'Shea, Donal},
  location  = {Secaucus, NJ, USA},
  publisher = {Springer-Verlag New York, Inc.},
  year      = {2007},
  isbn      = {0-387-35650-9},
  title     = {Ideals, Varieties, and Algorithms: An Introduction to Computational Algebraic Geometry and Commutative Algebra, 3/e (Undergraduate Texts in Mathematics)},
}

@article{article,
  author    = {Arrondo, Enrique},
  booktitle = {SIAM J. Discrete Math. MONTHLY J. Konvalina MONTHLY},
  year      = {1990-01},
  pages     = {216--240},
  title     = {Another Elementary Proof of the Nullstellensatz},
  volume    = {3},
}

@misc{DGPS,
  author       = {Decker, Wolfram and Greuel, Gert-Martin and Pfister, Gerhard and Sch{√∂}nemann, Hans},
  year         = {2018},
  howpublished = {\url{http://www.singular.uni-kl.de}},
  title        = {{\sc Singular} {4-1-1} --- A computer algebra system for polynomial computations},
}

@article{Broggio:2017kzi,
      author         = "Broggio, Alessandro and Ferroglia, Andrea and Ossola,
                        Giovanni and Pecjak, Ben D. and Sameshima, Ray D.",
      title          = "{Associated production of a top pair and a Z boson at the
                        LHC to NNLL accuracy}",
      journal        = "JHEP",
      volume         = "04",
      year           = "2017",
      pages          = "105",
      doi            = "10.1007/JHEP04(2017)105",
      eprint         = "1702.00800",
      archivePrefix  = "arXiv",
      primaryClass   = "hep-ph",
      reportNumber   = "TUM-HEP-1075-17, IPPP-17-4",
      SLACcitation   = "%%CITATION = ARXIV:1702.00800;%%"
}

@book{SrednickiMarkAllen2007Qft,
  author    = {Srednicki, Mark Allen},
  language  = {eng},
  location  = {Cambridge},
  publisher = {Cambridge University Press},
  year      = {2007},
  isbn      = {978-0-521-86449-7},
  keywords  = {Quantum field theory; Quantum field theory -- Problems,exercises,etc},
  title     = {Quantum field theory},
}

@article{Abreu:2017xsl,
  author      = {Abreu, S. and Cordero, F. Febres and Ita, H. and Jaquier, M. and Page, B. and Zeng, M.},
  year        = {2017},
  eprint      = {1703.05273},
  eprintclass = {hep-ph},
  eprinttype  = {arXiv},
  title       = {{Two-Loop Four-Gluon Amplitudes with the Numerical Unitarity Method}},
}

@article{Broggio:2016lfj,
      author         = "Broggio, Alessandro and Ferroglia, Andrea and Pecjak, Ben
                        D. and Yang, Li Lin",
      title          = "{NNLL resummation for the associated production of a top
                        pair and a Higgs boson at the LHC}",
      journal        = "JHEP",
      volume         = "02",
      year           = "2017",
      pages          = "126",
      doi            = "10.1007/JHEP02(2017)126",
      eprint         = "1611.00049",
      archivePrefix  = "arXiv",
      primaryClass   = "hep-ph",
      reportNumber   = "TUM-HEP-1064-16, IPPP-16-101",
      SLACcitation   = "%%CITATION = ARXIV:1611.00049;%%"
}

@article{CMS:2017uib,
      author         = "CMS Collaboration",
      title          = "{Measurement of top pair-production in association with a
                        W or Z boson in pp collisions at 13 TeV}",
      collaboration  = "CMS",
      year           = "2017",
      reportNumber   = "CMS-PAS-TOP-17-005",
      SLACcitation   = "%%CITATION = CMS-PAS-TOP-17-005;%%"
}

@article{Mastrolia:2013kca,
  author       = {Mastrolia, Pierpaolo and Mirabella, Edoardo and Ossola, Giovanni and Peraro, Tiziano},
  year         = {2013},
  doi          = {10.1016/j.physletb.2013.10.066},
  eprint       = {1307.5832},
  eprintclass  = {hep-ph},
  eprinttype   = {arXiv},
  journaltitle = {Phys.Lett.},
  pages        = {532--535},
  title        = {{Multiloop Integrand Reduction for Dimensionally Regulated Amplitudes}},
  volume       = {B727},
}

@article{Mastrolia:2012an,
  author       = {Mastrolia, Pierpaolo and Mirabella, Edoardo and Ossola, Giovanni and Peraro, Tiziano},
  year         = {2012},
  doi          = {10.1016/j.physletb.2012.09.053},
  eprint       = {1205.7087},
  eprintclass  = {hep-ph},
  eprinttype   = {arXiv},
  journaltitle = {Phys.Lett.},
  pages        = {173--177},
  title        = {{Scattering Amplitudes from Multivariate Polynomial Division}},
  volume       = {B718},
}

@article{Borowka:2015mxa,
  author       = {Borowka, S. and Heinrich, G. and Jones, S. P. and Kerner, M. and Schlenk, J. and Zirke, T.},
  year         = {2015},
  doi          = {10.1016/j.cpc.2015.05.022},
  eprint       = {1502.06595},
  eprintclass  = {hep-ph},
  eprinttype   = {arXiv},
  journaltitle = {Comput. Phys. Commun.},
  pages        = {470--491},
  title        = {{SecDec-3.0: numerical evaluation of multi-scale integrals beyond one loop}},
  volume       = {196},
}

@article{Mastrolia:2016dhn,
      author         = "Mastrolia, Pierpaolo and Peraro, Tiziano and Primo,
                        Amedeo",
      title          = "{Adaptive Integrand Decomposition in parallel and
                        orthogonal space}",
      journal        = "JHEP",
      volume         = "08",
      year           = "2016",
      pages          = "164",
      doi            = "10.1007/JHEP08(2016)164",
      eprint         = "1605.03157",
      archivePrefix  = "arXiv",
      primaryClass   = "hep-ph",
      reportNumber   = "EDINBURGH-2016-08",
      SLACcitation   = "%%CITATION = ARXIV:1605.03157;%%"
}

@article{Borowka:2016ehy,
  author       = {Borowka, S. and Greiner, N. and Heinrich, G. and Jones, S.?P. and Kerner, M. and Schlenk, J. and Schubert, U. and Zirke, T.},
  year         = {2016},
  doi          = {10.1103/PhysRevLett.117.012001},
  eprint       = {1604.06447},
  eprintclass  = {hep-ph},
  eprinttype   = {arXiv},
  journaltitle = {Phys. Rev. Lett.},
  number       = {1},
  pages        = {012001},
  title        = {{Higgs Boson Pair Production in Gluon Fusion at Next-to-Leading Order with Full Top-Quark Mass Dependence}},
  volume       = {117},
}

@article{Abreu:2017idw,
  author       = {Abreu, S. and Cordero, F. Febres and Ita, H. and Jaquier, M. and Page, B.},
  year         = {2017},
  doi          = {10.1103/PhysRevD.95.096011},
  eprint       = {1703.05255},
  eprintclass  = {hep-ph},
  eprinttype   = {arXiv},
  journaltitle = {Phys. Rev.},
  number       = {9},
  pages        = {096011},
  title        = {{Subleading Poles in the Numerical Unitarity Method at Two Loops}},
  volume       = {D95},
}

@article{Britto:2004nc,
  author       = {Britto, Ruth and Cachazo, Freddy and Feng, Bo},
  year         = {2005},
  doi          = {10.1016/j.nuclphysb.2005.07.014},
  eprint       = {hep-th/0412103},
  eprinttype   = {arXiv},
  journaltitle = {Nucl. Phys.},
  pages        = {275--305},
  title        = {{Generalized unitarity and one-loop amplitudes in N = 4 super-Yang-Mills}},
  volume       = {B725},
}

@article{Zhang:2012ce,
  author       = {Zhang, Yang},
  year         = {2012},
  doi          = {10.1007/JHEP09(2012)042},
  eprint       = {1205.5707},
  eprintclass  = {hep-ph},
  eprinttype   = {arXiv},
  journaltitle = {JHEP},
  pages        = {042},
  title        = {{Integrand-Level Reduction of Loop Amplitudes by Computational Algebraic Geometry Methods}},
  volume       = {1209},
}

@inproceedings{Zhang:2016kfo,
  author      = {Zhang, Yang},
  year        = {2016},
  eprint      = {1612.02249},
  eprintclass = {hep-th},
  eprinttype  = {arXiv},
  title       = {{Lecture Notes on Multi-loop Integral Reduction and Applied Algebraic Geometry}},
  booktitle   = {{Lecture Notes on Multi-loop Integral Reduction and Applied Algebraic Geometry}},
}

@article{Maierhoefer:2017hyi,
      author         = "Maierh√∂fer, Philipp and Usovitsch, Johann and Uwer,
                        Peter",
      title          = "{Kira‚ÄîA Feynman integral reduction program}",
      journal        = "Comput. Phys. Commun.",
      volume         = "230",
      year           = "2018",
      pages          = "99-112",
      doi            = "10.1016/j.cpc.2018.04.012",
      eprint         = "1705.05610",
      archivePrefix  = "arXiv",
      primaryClass   = "hep-ph",
      SLACcitation   = "%%CITATION = ARXIV:1705.05610;%%"
}

@article{Borowka:2016ypz,
  author       = {Borowka, S. and Greiner, N. and Heinrich, G. and Jones, S. P. and Kerner, M. and Schlenk, J. and Zirke, T.},
  year         = {2016},
  doi          = {10.1007/JHEP10(2016)107},
  eprint       = {1608.04798},
  eprintclass  = {hep-ph},
  eprinttype   = {arXiv},
  journaltitle = {JHEP},
  pages        = {107},
  title        = {{Full top quark mass dependence in Higgs boson pair production at NLO}},
  volume       = {10},
}

@article{Heinrich:2017kxx,
  author       = {Heinrich, G. and Jones, S. P. and Kerner, M. and Luisoni, G. and Vryonidou, E.},
  year         = {2017},
  doi          = {10.1007/JHEP08(2017)088},
  eprint       = {1703.09252},
  eprintclass  = {hep-ph},
  eprinttype   = {arXiv},
  journaltitle = {JHEP},
  pages        = {088},
  title        = {{NLO predictions for Higgs boson pair production with full top quark mass dependence matched to parton showers}},
  volume       = {08},
}

@article{Badger:2012dp,
  author       = {Badger, Simon and Frellesvig, Hjalte and Zhang, Yang},
  year         = {2012},
  doi          = {10.1007/JHEP04(2012)055},
  eprint       = {1202.2019},
  eprintclass  = {hep-ph},
  eprinttype   = {arXiv},
  journaltitle = {JHEP},
  pages        = {055},
  title        = {{Hepta-Cuts of Two-Loop Scattering Amplitudes}},
  volume       = {1204},
}

@article{Ita:2015tya,
  author       = {Ita, Harald},
  year         = {2016},
  doi          = {10.1103/PhysRevD.94.116015},
  eprint       = {1510.05626},
  eprintclass  = {hep-th},
  eprinttype   = {arXiv},
  journaltitle = {Phys. Rev.},
  number       = {11},
  pages        = {116015},
  title        = {{Two-loop Integrand Decomposition into Master Integrals and Surface Terms}},
  volume       = {D94},
}

@article{Nogueira:1991ex,
  author       = {Nogueira, Paulo},
  year         = {1993},
  doi          = {10.1006/jcph.1993.1074},
  journaltitle = {J.Comput.Phys.},
  pages        = {279--289},
  title        = {{Automatic Feynman graph generation}},
  volume       = {105},
}

@article{Vermaseren:2000nd,
  author     = {Vermaseren, J. A. M.},
  year       = {2000},
  eprint     = {math-ph/0010025},
  eprinttype = {arXiv},
  title      = {{New features of FORM}},
}

@article{Reiter:2009ts,
  author       = {Reiter, Thomas},
  year         = {2010},
  doi          = {10.1016/j.cpc.2010.01.012},
  eprint       = {0907.3714},
  eprintclass  = {hep-ph},
  eprinttype   = {arXiv},
  journaltitle = {Comput.Phys.Commun.},
  pages        = {1301--1331},
  title        = {{Optimising Code Generation with haggies}},
  volume       = {181},
}

@article{Mastrolia:2008jb,
  author       = {Mastrolia, P. and Ossola, G. and Papadopoulos, C. G. and Pittau, R.},
  year         = {2008},
  doi          = {10.1088/1126-6708/2008/06/030},
  eprint       = {0803.3964},
  eprintclass  = {hep-ph},
  eprinttype   = {arXiv},
  journaltitle = {JHEP},
  pages        = {030},
  title        = {{Optimizing the Reduction of One-Loop Amplitudes}},
  volume       = {0806},
}

@article{Guillet:2013msa,
  author       = {Guillet, J. Ph. and Heinrich, G. and von Soden-Fraunhofen, J. F.},
  year         = {2014},
  doi          = {10.1016/j.cpc.2014.03.009},
  eprint       = {1312.3887},
  eprintclass  = {hep-ph},
  eprinttype   = {arXiv},
  journaltitle = {Comput. Phys. Commun.},
  pages        = {1828--1834},
  title        = {{Tools for NLO automation: extension of the golem95C integral library}},
  volume       = {185},
}

@article{Heinrich:2010ax,
  author       = {Heinrich, G. and Ossola, G. and Reiter, T. and Tramontano, F.},
  year         = {2010},
  doi          = {10.1007/JHEP10(2010)105},
  eprint       = {1008.2441},
  eprintclass  = {hep-ph},
  eprinttype   = {arXiv},
  journaltitle = {JHEP},
  pages        = {105},
  title        = {{Tensorial Reconstruction at the Integrand Level}},
  volume       = {1010},
}

@article{Ossola:2008xq,
  author       = {Ossola, Giovanni and Papadopoulos, Costas G. and Pittau, Roberto},
  year         = {2008},
  doi          = {10.1088/1126-6708/2008/05/004},
  eprint       = {0802.1876},
  eprintclass  = {hep-ph},
  eprinttype   = {arXiv},
  journaltitle = {JHEP},
  pages        = {004},
  title        = {{On the Rational Terms of the one-loop amplitudes}},
  volume       = {0805},
}

@article{Cullen:2010jv,
  author       = {Cullen, Gavin and Koch-Janusz, Maciej and Reiter, Thomas},
  year         = {2011},
  doi          = {10.1016/j.cpc.2011.06.007},
  eprint       = {1008.0803},
  eprintclass  = {hep-ph},
  eprinttype   = {arXiv},
  journaltitle = {Comput.Phys.Commun.},
  pages        = {2368--2387},
  title        = {{Spinney: A Form Library for Helicity Spinors}},
  volume       = {182},
}

@article{Hirschi:2016mdz,
  author       = {Hirschi, Valentin and Peraro, Tiziano},
  year         = {2016},
  doi          = {10.1007/JHEP06(2016)060},
  eprint       = {1604.01363},
  eprintclass  = {hep-ph},
  eprinttype   = {arXiv},
  journaltitle = {JHEP},
  pages        = {060},
  title        = {{Tensor integrand reduction via Laurent expansion}},
  volume       = {06},
}

@article{Ferroglia:2015ivv,
      author         = "Ferroglia, Andrea and Pecjak, Benjamin D. and Scott,
                        Darren J. and Yang, Li Lin",
      title          = "{QCD resummations for boosted top production}",
      booktitle      = "{Proceedings, 8th International Workshop on Top Quark
                        Physics (TOP2015): Ischia, Italy, September 14-18, 2015}",
      journal        = "PoS",
      volume         = "TOP2015",
      year           = "2016",
      pages          = "052",
      doi            = "10.22323/1.257.0052",
      eprint         = "1512.02535",
      archivePrefix  = "arXiv",
      primaryClass   = "hep-ph",
      SLACcitation   = "%%CITATION = ARXIV:1512.02535;%%"
}

@article{Beenakker:2001rj,
  author       = {Beenakker, W. and Dittmaier, S. and Kramer, M. and Plumper, B. and Spira, M. and Zerwas, P. M.},
  year         = {2001},
  doi          = {10.1103/PhysRevLett.87.201805},
  eprint       = {hep-ph/0107081},
  eprintclass  = {hep-ph},
  eprinttype   = {arXiv},
  journaltitle = {Phys. Rev. Lett.},
  pages        = {201805},
  title        = {{Higgs radiation off top quarks at the Tevatron and the LHC}},
  volume       = {87},
}

@article{Beenakker:2002nc,
  author       = {Beenakker, W. and Dittmaier, S. and Kramer, M. and Plumper, B. and Spira, M. and Zerwas, P. M.},
  year         = {2003},
  doi          = {10.1016/S0550-3213(03)00044-0},
  eprint       = {hep-ph/0211352},
  eprintclass  = {hep-ph},
  eprinttype   = {arXiv},
  journaltitle = {Nucl. Phys.},
  pages        = {151--203},
  title        = {{NLO QCD corrections to t anti-t H production in hadron collisions}},
  volume       = {B653},
}

@article{Reina:2001sf,
  author       = {Reina, L. and Dawson, S.},
  year         = {2001},
  doi          = {10.1103/PhysRevLett.87.201804},
  eprint       = {hep-ph/0107101},
  eprintclass  = {hep-ph},
  eprinttype   = {arXiv},
  journaltitle = {Phys. Rev. Lett.},
  pages        = {201804},
  title        = {{Next-to-leading order results for t anti-t h production at the Tevatron}},
  volume       = {87},
}

@article{Reina:2001bc,
  author       = {Reina, L. and Dawson, S. and Wackeroth, D.},
  year         = {2002},
  doi          = {10.1103/PhysRevD.65.053017},
  eprint       = {hep-ph/0109066},
  eprintclass  = {hep-ph},
  eprinttype   = {arXiv},
  journaltitle = {Phys. Rev.},
  pages        = {053017},
  title        = {{QCD corrections to associated t anti-t h production at the Tevatron}},
  volume       = {D65},
}

@article{Dawson:2002tg,
  author       = {Dawson, S. and Orr, L. H. and Reina, L. and Wackeroth, D.},
  year         = {2003},
  doi          = {10.1103/PhysRevD.67.071503},
  eprint       = {hep-ph/0211438},
  eprintclass  = {hep-ph},
  eprinttype   = {arXiv},
  journaltitle = {Phys. Rev.},
  pages        = {071503},
  title        = {{Associated top quark Higgs boson production at the LHC}},
  volume       = {D67},
}

@article{Dawson:2003zu,
  author       = {Dawson, S. and Jackson, C. and Orr, L. H. and Reina, L. and Wackeroth, D.},
  year         = {2003},
  doi          = {10.1103/PhysRevD.68.034022},
  eprint       = {hep-ph/0305087},
  eprintclass  = {hep-ph},
  eprinttype   = {arXiv},
  journaltitle = {Phys. Rev.},
  pages        = {034022},
  title        = {{Associated Higgs production with top quarks at the large hadron collider: NLO QCD corrections}},
  volume       = {D68},
}

@article{Frederix:2011zi,
  author       = {Frederix, Rikkert and Frixione, Stefano and Hirschi, Valentin and Maltoni, Fabio and Pittau, Roberto and Torrielli, Paolo},
  year         = {2011},
  doi          = {10.1016/j.physletb.2011.06.012},
  eprint       = {1104.5613},
  eprintclass  = {hep-ph},
  eprinttype   = {arXiv},
  journaltitle = {Phys. Lett.},
  pages        = {427--433},
  title        = {{Scalar and pseudoscalar Higgs production in association with a top-antitop pair}},
  volume       = {B701},
}

@article{Garzelli:2012bn,
      author         = "Garzelli, M. V. and Kardos, A. and Papadopoulos, C. G.
                        and Trocsanyi, Z.",
      title          = "{t $\bar{t}$ $W^{+-}$ and t $\bar{t}$ Z Hadroproduction
                        at NLO accuracy in QCD with Parton Shower and
                        Hadronization effects}",
      journal        = "JHEP",
      volume         = "11",
      year           = "2012",
      pages          = "056",
      doi            = "10.1007/JHEP11(2012)056",
      eprint         = "1208.2665",
      archivePrefix  = "arXiv",
      primaryClass   = "hep-ph",
      SLACcitation   = "%%CITATION = ARXIV:1208.2665;%%"
}

@article{Binoth:2008uq,
      author         = "Binoth, T. and Guillet, J. -Ph. and Heinrich, G. and
                        Pilon, E. and Reiter, T.",
      title          = "{Golem95: A Numerical program to calculate one-loop
                        tensor integrals with up to six external legs}",
      journal        = "Comput. Phys. Commun.",
      volume         = "180",
      year           = "2009",
      pages          = "2317-2330",
      doi            = "10.1016/j.cpc.2009.06.024",
      eprint         = "0810.0992",
      archivePrefix  = "arXiv",
      primaryClass   = "hep-ph",
      reportNumber   = "EDINBURGH-2008-40, LAPTH-1277-08, IPPP-08-73,
                        DCPT-08-146, NIKHEF-2008-26",
      SLACcitation   = "%%CITATION = ARXIV:0810.0992;%%"
}

@article{Mastrolia:2010nb,
      author         = "Mastrolia, P. and Ossola, G. and Reiter, T. and
                        Tramontano, F.",
      title          = "{Scattering AMplitudes from Unitarity-based Reduction
                        Algorithm at the Integrand-level}",
      journal        = "JHEP",
      volume         = "08",
      year           = "2010",
      pages          = "080",
      doi            = "10.1007/JHEP08(2010)080",
      eprint         = "1006.0710",
      archivePrefix  = "arXiv",
      primaryClass   = "hep-ph",
      reportNumber   = "CERN-PH-TH-2010-124, NIKHEF-2010-015",
      SLACcitation   = "%%CITATION = ARXIV:1006.0710;%%"
}

@article{Garzelli:2011vp,
  author       = {Garzelli, M. V. and Kardos, A. and Papadopoulos, C. G. and Trocsanyi, Z.},
  year         = {2011},
  doi          = {10.1209/0295-5075/96/11001},
  eprint       = {1108.0387},
  eprintclass  = {hep-ph},
  eprinttype   = {arXiv},
  journaltitle = {Europhys. Lett.},
  pages        = {11001},
  title        = {{Standard Model Higgs boson production in association with a top anti-top pair at NLO with parton showering}},
  volume       = {96},
}

@article{Yu:2014cka,
  author       = {Zhang, Yu and Ma, Wen-Gan and Zhang, Ren-You and Chen, Chong and Guo, Lei},
  year         = {2014},
  doi          = {10.1016/j.physletb.2014.09.022},
  eprint       = {1407.1110},
  eprintclass  = {hep-ph},
  eprinttype   = {arXiv},
  journaltitle = {Phys. Lett.},
  pages        = {1--5},
  title        = {{QCD NLO and EW NLO corrections to $t\bar{t}H$ production with top quark decays at hadron collider}},
  volume       = {B738},
}

@article{Frixione:2014qaa,
      author         = "Frixione, S. and Hirschi, V. and Pagani, D. and Shao, H.
                        S. and Zaro, M.",
      title          = "{Weak corrections to Higgs hadroproduction in association
                        with a top-quark pair}",
      journal        = "JHEP",
      volume         = "09",
      year           = "2014",
      pages          = "065",
      doi            = "10.1007/JHEP09(2014)065",
      eprint         = "1407.0823",
      archivePrefix  = "arXiv",
      primaryClass   = "hep-ph",
      reportNumber   = "CERN-PH-TH-2014-123, CP3-14-49",
      SLACcitation   = "%%CITATION = ARXIV:1407.0823;%%"
}

@article{Frixione:2015zaa,
      author         = "Frixione, S. and Hirschi, V. and Pagani, D. and Shao, H.
                        -S. and Zaro, M.",
      title          = "{Electroweak and QCD corrections to top-pair
                        hadroproduction in association with heavy bosons}",
      journal        = "JHEP",
      volume         = "06",
      year           = "2015",
      pages          = "184",
      doi            = "10.1007/JHEP06(2015)184",
      eprint         = "1504.03446",
      archivePrefix  = "arXiv",
      primaryClass   = "hep-ph",
      reportNumber   = "CERN-PH-TH-2015-083, CP3-15-10, LPN15-022,
                        SLAC-PUB-16253",
      SLACcitation   = "%%CITATION = ARXIV:1504.03446;%%"
}

@article{Campbell:2012dh,
      author         = "Campbell, John M. and Ellis, R. Keith",
      title          = "{$t \bar{t} W^{+-}$ production and decay at NLO}",
      journal        = "JHEP",
      volume         = "07",
      year           = "2012",
      pages          = "052",
      doi            = "10.1007/JHEP07(2012)052",
      eprint         = "1204.5678",
      archivePrefix  = "arXiv",
      primaryClass   = "hep-ph",
      reportNumber   = "FERMILAB-PUB-12-109-T",
      SLACcitation   = "%%CITATION = ARXIV:1204.5678;%%"
}

@article{Hartanto:2015uka,
  author       = {Hartanto, Heribertus B. and Jager, Barbara and Reina, Laura and Wackeroth, Doreen},
  year         = {2015},
  doi          = {10.1103/PhysRevD.91.094003},
  eprint       = {1501.04498},
  eprintclass  = {hep-ph},
  eprinttype   = {arXiv},
  journaltitle = {Phys. Rev.},
  number       = {9},
  pages        = {094003},
  title        = {{Higgs boson production in association with top quarks in the POWHEG BOX}},
  volume       = {D91},
}

@article{Ahrens:2010zv,
  author       = {Ahrens, Valentin and Ferroglia, Andrea and Neubert, Matthias and Pecjak, Ben D. and Yang, Li Lin},
  year         = {2010},
  doi          = {10.1007/JHEP09(2010)097},
  eprint       = {1003.5827},
  eprintclass  = {hep-ph},
  eprinttype   = {arXiv},
  journaltitle = {JHEP},
  pages        = {097},
  title        = {{Renormalization-Group Improved Predictions for Top-Quark Pair Production at Hadron Colliders}},
  volume       = {09},
}

@article{Ahrens:2011mw,
  author       = {Ahrens, Valentin and Ferroglia, Andrea and Neubert, Matthias and Pecjak, Ben D. and Yang, Li-Lin},
  year         = {2011},
  doi          = {10.1007/JHEP09(2011)070},
  eprint       = {1103.0550},
  eprintclass  = {hep-ph},
  eprinttype   = {arXiv},
  journaltitle = {JHEP},
  pages        = {070},
  title        = {{RG-improved single-particle inclusive cross sections and forward-backward asymmetry in $t\bar t$ production at hadron colliders}},
  volume       = {09},
}

@article{Ahrens:2011uf,
  author       = {Ahrens, Valentin and Ferroglia, Andrea and Neubert, Matthias and Pecjak, Ben D. and Yang, Li Lin},
  year         = {2011},
  doi          = {10.1103/PhysRevD.84.074004},
  eprint       = {1106.6051},
  eprintclass  = {hep-ph},
  eprinttype   = {arXiv},
  journaltitle = {Phys. Rev.},
  pages        = {074004},
  title        = {{The top-pair forward-backward asymmetry beyond NLO}},
  volume       = {D84},
}

@article{Beneke:2010da,
  author       = {Beneke, Martin and Falgari, Pietro and Schwinn, Christian},
  year         = {2011},
  doi          = {10.1016/j.nuclphysb.2010.09.009},
  eprint       = {1007.5414},
  eprintclass  = {hep-ph},
  eprinttype   = {arXiv},
  journaltitle = {Nucl. Phys.},
  pages        = {414--474},
  title        = {{Threshold resummation for pair production of coloured heavy (s)particles at hadron colliders}},
  volume       = {B842},
}

@article{Beneke:2011mq,
  author       = {Beneke, M. and Falgari, P. and Klein, S. and Schwinn, C.},
  year         = {2012},
  doi          = {10.1016/j.nuclphysb.2011.10.021},
  eprint       = {1109.1536},
  eprintclass  = {hep-ph},
  eprinttype   = {arXiv},
  journaltitle = {Nucl. Phys.},
  pages        = {695--741},
  title        = {{Hadronic top-quark pair production with NNLL threshold resummation}},
  volume       = {B855},
}

@article{Beneke:2012wb,
  author       = {Beneke, M. and Falgari, P. and Klein, S. and Piclum, J. and Schwinn, C. and Ubiali, M. and Yan, F.},
  year         = {2012},
  doi          = {10.1007/JHEP07(2012)194},
  eprint       = {1206.2454},
  eprintclass  = {hep-ph},
  eprinttype   = {arXiv},
  journaltitle = {JHEP},
  pages        = {194},
  title        = {{Inclusive Top-Pair Production Phenomenology with TOPIXS}},
  volume       = {07},
}

@article{Ahrens:2011px,
  author       = {Ahrens, Valentin and Ferroglia, Andrea and Neubert, Matthias and Pecjak, Ben D. and Yang, Li Lin},
  year         = {2011},
  doi          = {10.1016/j.physletb.2011.07.058},
  eprint       = {1105.5824},
  eprintclass  = {hep-ph},
  eprinttype   = {arXiv},
  journaltitle = {Phys. Lett.},
  pages        = {135--141},
  title        = {{Precision predictions for the t+t(bar) production cross section at hadron colliders}},
  volume       = {B703},
}

@article{Broggio:2014yca,
  author       = {Broggio, Alessandro and Papanastasiou, Andrew S. and Signer, Adrian},
  year         = {2014},
  doi          = {10.1007/JHEP10(2014)098},
  eprint       = {1407.2532},
  eprintclass  = {hep-ph},
  eprinttype   = {arXiv},
  journaltitle = {JHEP},
  pages        = {98},
  title        = {{Renormalization-group improved fully differential cross sections for top pair production}},
  volume       = {10},
}

@article{Li:2014ula,
      author         = "Li, Hai Tao and Li, Chong Sheng and Li, Shi Ang",
      title          = "{Renormalization group improved predictions for
                        $t\bar{t}W^\pm$ production at hadron colliders}",
      journal        = "Phys. Rev.",
      volume         = "D90",
      year           = "2014",
      number         = "9",
      pages          = "094009",
      doi            = "10.1103/PhysRevD.90.094009",
      eprint         = "1409.1460",
      archivePrefix  = "arXiv",
      primaryClass   = "hep-ph",
      SLACcitation   = "%%CITATION = ARXIV:1409.1460;%%"
}

@article{Hirschi:2011pa,
  author       = {Hirschi, Valentin and Frederix, Rikkert and Frixione, Stefano and Garzelli, Maria Vittoria and Maltoni, Fabio and Pittau, Roberto},
  year         = {2011},
  doi          = {10.1007/JHEP05(2011)044},
  eprint       = {1103.0621},
  eprintclass  = {hep-ph},
  eprinttype   = {arXiv},
  journaltitle = {JHEP},
  pages        = {044},
  title        = {{Automation of one-loop QCD corrections}},
  volume       = {05},
}

@article{Alwall:2014hca,
      author         = "Alwall, J. and Frederix, R. and Frixione, S. and Hirschi,
                        V. and Maltoni, F. and Mattelaer, O. and Shao, H. -S. and
                        Stelzer, T. and Torrielli, P. and Zaro, M.",
      title          = "{The automated computation of tree-level and
                        next-to-leading order differential cross sections, and
                        their matching to parton shower simulations}",
      journal        = "JHEP",
      volume         = "07",
      year           = "2014",
      pages          = "079",
      doi            = "10.1007/JHEP07(2014)079",
      eprint         = "1405.0301",
      archivePrefix  = "arXiv",
      primaryClass   = "hep-ph",
      reportNumber   = "CERN-PH-TH-2014-064, CP3-14-18, LPN14-066, MCNET-14-09,
                        ZU-TH-14-14",
      SLACcitation   = "%%CITATION = ARXIV:1405.0301;%%"
}

@article{Broggio:2013uba,
  author       = {Broggio, Alessandro and Ferroglia, Andrea and Neubert, Matthias and Vernazza, Leonardo and Yang, Li Lin},
  year         = {2013},
  doi          = {10.1007/JHEP07(2013)042},
  eprint       = {1304.2411},
  eprintclass  = {hep-ph},
  eprinttype   = {arXiv},
  journaltitle = {JHEP},
  pages        = {042},
  title        = {{Approximate NNLO Predictions for the Stop-Pair Production Cross Section at the LHC}},
  volume       = {07},
}

@article{Becher:2007ty,
  author       = {Becher, Thomas and Neubert, Matthias and Xu, Gang},
  year         = {2008},
  doi          = {10.1088/1126-6708/2008/07/030},
  eprint       = {0710.0680},
  eprintclass  = {hep-ph},
  eprinttype   = {arXiv},
  journaltitle = {JHEP},
  pages        = {030},
  title        = {{Dynamical Threshold Enhancement and Resummation in Drell-Yan Production}},
  volume       = {07},
}

@article{Ahrens:2009uz,
  author       = {Ahrens, Valentin and Ferroglia, Andrea and Neubert, Matthias and Pecjak, Ben D. and Yang, Li Lin},
  year         = {2010},
  doi          = {10.1016/j.physletb.2010.03.048},
  eprint       = {0912.3375},
  eprintclass  = {hep-ph},
  eprinttype   = {arXiv},
  journaltitle = {Phys. Lett.},
  pages        = {331--337},
  title        = {{Threshold expansion at order alpha(s)**4 for the t t-bar invariant mass distribution at hadron colliders}},
  volume       = {B687},
}

@article{Cullen:2011ac,
      author         = "Cullen, Gavin and Greiner, Nicolas and Heinrich, Gudrun
                        and Luisoni, Gionata and Mastrolia, Pierpaolo and Ossola,
                        Giovanni and Reiter, Thomas and Tramontano, Francesco",
      title          = "{Automated One-Loop Calculations with GoSam}",
      journal        = "Eur. Phys. J.",
      volume         = "C72",
      year           = "2012",
      pages          = "1889",
      doi            = "10.1140/epjc/s10052-012-1889-1",
      eprint         = "1111.2034",
      archivePrefix  = "arXiv",
      primaryClass   = "hep-ph",
      reportNumber   = "CERN-PH-TH-2011-272, MPP-2011-132, DESY-11-203,
                        IPPP-11-72, DCPT-11-144, EDINBURGH-2011-32",
      SLACcitation   = "%%CITATION = ARXIV:1111.2034;%%"
}

@article{Cullen:2014yla,
      author         = "Cullen, Gavin and others",
      title          = "{G$\scriptsize{O}$S$\scriptsize{AM}$-2.0: a tool for
                        automated one-loop calculations within the Standard Model
                        and beyond}",
      journal        = "Eur. Phys. J.",
      volume         = "C74",
      year           = "2014",
      number         = "8",
      pages          = "3001",
      doi            = "10.1140/epjc/s10052-014-3001-5",
      eprint         = "1404.7096",
      archivePrefix  = "arXiv",
      primaryClass   = "hep-ph",
      reportNumber   = "DESY-14-061, MPP-2014-145",
      SLACcitation   = "%%CITATION = ARXIV:1404.7096;%%"
}

@article{Cascioli:2011va,
      author         = "Cascioli, Fabio and Maierhofer, Philipp and Pozzorini,
                        Stefano",
      title          = "{Scattering Amplitudes with Open Loops}",
      journal        = "Phys. Rev. Lett.",
      volume         = "108",
      year           = "2012",
      pages          = "111601",
      doi            = "10.1103/PhysRevLett.108.111601",
      eprint         = "1111.5206",
      archivePrefix  = "arXiv",
      primaryClass   = "hep-ph",
      reportNumber   = "ZU-TH-23-11, LPN11-66",
      SLACcitation   = "%%CITATION = ARXIV:1111.5206;%%"
}

@article{Ferroglia:2009ii,
      author         = "Ferroglia, Andrea and Neubert, Matthias and Pecjak, Ben
                        D. and Yang, Li Lin",
      title          = "{Two-loop divergences of massive scattering amplitudes in
                        non-abelian gauge theories}",
      journal        = "JHEP",
      volume         = "11",
      year           = "2009",
      pages          = "062",
      doi            = "10.1088/1126-6708/2009/11/062",
      eprint         = "0908.3676",
      archivePrefix  = "arXiv",
      primaryClass   = "hep-ph",
      reportNumber   = "MZ-TH-09-28",
      SLACcitation   = "%%CITATION = ARXIV:0908.3676;%%"
}

@article{Ferroglia:2009ep,
      author         = "Ferroglia, Andrea and Neubert, Matthias and Pecjak, Ben
                        D. and Yang, Li Lin",
      title          = "{Two-loop divergences of scattering amplitudes with
                        massive partons}",
      journal        = "Phys. Rev. Lett.",
      volume         = "103",
      year           = "2009",
      pages          = "201601",
      doi            = "10.1103/PhysRevLett.103.201601",
      eprint         = "0907.4791",
      archivePrefix  = "arXiv",
      primaryClass   = "hep-ph",
      reportNumber   = "MZ-TH-09-25",
      SLACcitation   = "%%CITATION = ARXIV:0907.4791;%%"
}

@article{Ossola:2007ax,
  author       = {Ossola, Giovanni and Papadopoulos, Costas G. and Pittau, Roberto},
  year         = {2008},
  doi          = {10.1088/1126-6708/2008/03/042},
  eprint       = {0711.3596},
  eprintclass  = {hep-ph},
  eprinttype   = {arXiv},
  journaltitle = {JHEP},
  journal      = {JHEP},
  pages        = {042},
  title        = {{CutTools: A Program implementing the OPP reduction method to compute one-loop amplitudes}},
  volume       = {03},
}

@article{Denner:2016kdg,
      author         = "Denner, Ansgar and Dittmaier, Stefan and Hofer, Lars",
      title          = "{Collier: a fortran-based Complex One-Loop LIbrary in
                        Extended Regularizations}",
      journal        = "Comput. Phys. Commun.",
      volume         = "212",
      year           = "2017",
      pages          = "220-238",
      doi            = "10.1016/j.cpc.2016.10.013",
      eprint         = "1604.06792",
      archivePrefix  = "arXiv",
      primaryClass   = "hep-ph",
      reportNumber   = "FR-PHENO-2016-003, ICCUB-16-016",
      SLACcitation   = "%%CITATION = ARXIV:1604.06792;%%"
}

@article{Farhi:2015jca,
  author      = {Farhi, David and Feige, Ilya and Freytsis, Marat and Schwartz, Matthew D.},
  year        = {2015},
  eprint      = {1507.06315},
  eprintclass = {hep-ph},
  eprinttype  = {arXiv},
  title       = {{Streamlining resummed QCD calculations using Monte Carlo integration}},
}

@article{Broggio:2015lya,
      author         = "Broggio, Alessandro and Ferroglia, Andrea and Pecjak, Ben
                        D. and Signer, Adrian and Yang, Li Lin",
      title          = "{Associated production of a top pair and a Higgs boson
                        beyond NLO}",
      journal        = "JHEP",
      volume         = "03",
      year           = "2016",
      pages          = "124",
      doi            = "10.1007/JHEP03(2016)124",
      eprint         = "1510.01914",
      archivePrefix  = "arXiv",
      primaryClass   = "hep-ph",
      reportNumber   = "PSI-PR-15-09, TUM-HEP-1019-15, ZU-TH-33-15, DCPT-15-122,
                        IPPP-15-61",
      SLACcitation   = "%%CITATION = ARXIV:1510.01914;%%"
}

@article{Pecjak:2016nee,
      author         = "Pecjak, Benjamin D. and Scott, Darren J. and Wang, Xing
                        and Yang, Li Lin",
      title          = "{Resummed differential cross sections for top-quark pairs
                        at the LHC}",
      journal        = "Phys. Rev. Lett.",
      volume         = "116",
      year           = "2016",
      number         = "20",
      pages          = "202001",
      doi            = "10.1103/PhysRevLett.116.202001",
      eprint         = "1601.07020",
      archivePrefix  = "arXiv",
      primaryClass   = "hep-ph",
      reportNumber   = "IPPP-16-04",
      SLACcitation   = "%%CITATION = ARXIV:1601.07020;%%"
}

@article{Denner:2002ii,
      author         = "Denner, Ansgar and Dittmaier, S.",
      title          = "{Reduction of one loop tensor five point integrals}",
      journal        = "Nucl. Phys.",
      volume         = "B658",
      year           = "2003",
      pages          = "175-202",
      doi            = "10.1016/S0550-3213(03)00184-6",
      eprint         = "hep-ph/0212259",
      archivePrefix  = "arXiv",
      primaryClass   = "hep-ph",
      reportNumber   = "MPI-PHT-2002-63, PSI-PR-02-21",
      SLACcitation   = "%%CITATION = HEP-PH/0212259;%%"
}

@article{Denner:2005nn,
      author         = "Denner, Ansgar and Dittmaier, S.",
      title          = "{Reduction schemes for one-loop tensor integrals}",
      journal        = "Nucl. Phys.",
      volume         = "B734",
      year           = "2006",
      pages          = "62-115",
      doi            = "10.1016/j.nuclphysb.2005.11.007",
      eprint         = "hep-ph/0509141",
      archivePrefix  = "arXiv",
      primaryClass   = "hep-ph",
      reportNumber   = "MPP-2005-84, PSI-PR-05-08",
      SLACcitation   = "%%CITATION = HEP-PH/0509141;%%"
}

@article{Denner:2010tr,
      author         = "Denner, A. and Dittmaier, S.",
      title          = "{Scalar one-loop 4-point integrals}",
      journal        = "Nucl. Phys.",
      volume         = "B844",
      year           = "2011",
      pages          = "199-242",
      doi            = "10.1016/j.nuclphysb.2010.11.002",
      eprint         = "1005.2076",
      archivePrefix  = "arXiv",
      primaryClass   = "hep-ph",
      reportNumber   = "FR-PHENO-2010-020, PSI-PR-10-10",
      SLACcitation   = "%%CITATION = ARXIV:1005.2076;%%"
}

@article{Ferroglia:2016xxx,
  author       = {Ferroglia, Andrea and Pecjak, Ben D and Scott, Darren J and Wang, Xing and Tang, Li Lin},
  eprintclass  = {hep-ph},
  eprinttype   = {arXiv},
  journaltitle = {(in preparation)},
  title        = {{Mellin-space resummation for (boosted) top-quark pair production}},
}

@article{Moch:2005ba,
  author       = {Moch, S. and Vermaseren, J. A. M. and Vogt, A.},
  year         = {2005},
  doi          = {10.1016/j.nuclphysb.2005.08.005},
  eprint       = {hep-ph/0506288},
  eprintclass  = {hep-ph},
  eprinttype   = {arXiv},
  journaltitle = {Nucl. Phys.},
  pages        = {317--335},
  title        = {{Higher-order corrections in threshold resummation}},
  volume       = {B726},
}

@article{Catani:1996yz,
      author         = "Catani, Stefano and Mangano, Michelangelo L. and Nason,
                        Paolo and Trentadue, Luca",
      title          = "{The Resummation of soft gluons in hadronic collisions}",
      journal        = "Nucl. Phys.",
      volume         = "B478",
      year           = "1996",
      pages          = "273-310",
      doi            = "10.1016/0550-3213(96)00399-9",
      eprint         = "hep-ph/9604351",
      archivePrefix  = "arXiv",
      primaryClass   = "hep-ph",
      reportNumber   = "CERN-TH-96-86",
      SLACcitation   = "%%CITATION = HEP-PH/9604351;%%"
}

@article{Mastrolia:2012bu,
      author         = "Mastrolia, Pierpaolo and Mirabella, Edoardo and Peraro,
                        Tiziano",
      title          = "{Integrand reduction of one-loop scattering amplitudes
                        through Laurent series expansion}",
      journal        = "JHEP",
      volume         = "06",
      year           = "2012",
      pages          = "095",
      doi            = "10.1007/JHEP11(2012)128, 10.1007/JHEP06(2012)095",
      note           = "[Erratum: JHEP11,128(2012)]",
      eprint         = "1203.0291",
      archivePrefix  = "arXiv",
      primaryClass   = "hep-ph",
      reportNumber   = "MPI-2012-51",
      SLACcitation   = "%%CITATION = ARXIV:1203.0291;%%"
}

@article{vanDeurzen:2013saa,
      author         = "van Deurzen, Hans and Luisoni, Gionata and Mastrolia,
                        Pierpaolo and Mirabella, Edoardo and Ossola, Giovanni and
                        Peraro, Tiziano",
      title          = "{Multi-leg One-loop Massive Amplitudes from Integrand
                        Reduction via Laurent Expansion}",
      journal        = "JHEP",
      volume         = "03",
      year           = "2014",
      pages          = "115",
      doi            = "10.1007/JHEP03(2014)115",
      eprint         = "1312.6678",
      archivePrefix  = "arXiv",
      primaryClass   = "hep-ph",
      SLACcitation   = "%%CITATION = ARXIV:1312.6678;%%"
}

@article{Peraro:2014cba,
      author         = "Peraro, Tiziano",
      title          = "{Ninja: Automated Integrand Reduction via Laurent
                        Expansion for One-Loop Amplitudes}",
      journal        = "Comput. Phys. Commun.",
      volume         = "185",
      year           = "2014",
      pages          = "2771-2797",
      doi            = "10.1016/j.cpc.2014.06.017",
      eprint         = "1403.1229",
      archivePrefix  = "arXiv",
      primaryClass   = "hep-ph",
      reportNumber   = "MPP-2014-50",
      SLACcitation   = "%%CITATION = ARXIV:1403.1229;%%"
}

@article{Maltoni:2014zpa,
      author         = "Maltoni, F. and Mangano, M. L. and Tsinikos, I. and Zaro,
                        M.",
      title          = "{Top-quark charge asymmetry and polarization in
                        $t\overline{t}W^¬±$ production at the LHC}",
      journal        = "Phys. Lett.",
      volume         = "B736",
      year           = "2014",
      pages          = "252-260",
      doi            = "10.1016/j.physletb.2014.07.033",
      eprint         = "1406.3262",
      archivePrefix  = "arXiv",
      primaryClass   = "hep-ph",
      reportNumber   = "CP3-14-23, CERN-PH-TH-2014-102, LPN14-075",
      SLACcitation   = "%%CITATION = ARXIV:1406.3262;%%"
}

@article{Bonvini:2014qga,
      author         = "Bonvini, Marco and Forte, Stefano and Ridolfi, Giovanni
                        and Rottoli, Luca",
      title          = "{Resummation prescriptions and ambiguities in SCET vs.
                        direct QCD: Higgs production as a case study}",
      journal        = "JHEP",
      volume         = "01",
      year           = "2015",
      pages          = "046",
      doi            = "10.1007/JHEP01(2015)046",
      eprint         = "1409.0864",
      archivePrefix  = "arXiv",
      primaryClass   = "hep-ph",
      reportNumber   = "DESY-14-154, IFUM-1033-FT",
      SLACcitation   = "%%CITATION = ARXIV:1409.0864;%%"
}

@article{Bonvini:2012az,
      author         = "Bonvini, Marco and Forte, Stefano and Ghezzi, Margherita
                        and Ridolfi, Giovanni",
      title          = "{Threshold Resummation in SCET vs. Perturbative QCD: An
                        Analytic Comparison}",
      journal        = "Nucl. Phys.",
      volume         = "B861",
      year           = "2012",
      pages          = "337-360",
      doi            = "10.1016/j.nuclphysb.2012.04.010",
      eprint         = "1201.6364",
      archivePrefix  = "arXiv",
      primaryClass   = "hep-ph",
      reportNumber   = "DESY-12-007, IFUM-986-FT",
      SLACcitation   = "%%CITATION = ARXIV:1201.6364;%%"
}


@article{Harland-Lang:2014zoa,
      author         = "Harland-Lang, L. A. and Martin, A. D. and Motylinski, P.
                        and Thorne, R. S.",
      title          = "{Parton distributions in the LHC era: MMHT 2014 PDFs}",
      journal        = "Eur. Phys. J.",
      volume         = "C75",
      year           = "2015",
      number         = "5",
      pages          = "204",
      doi            = "10.1140/epjc/s10052-015-3397-6",
      eprint         = "1412.3989",
      archivePrefix  = "arXiv",
      primaryClass   = "hep-ph",
      reportNumber   = "LCTS-2014-47, IPPP-14-97, DCPT-14-194",
      SLACcitation   = "%%CITATION = ARXIV:1412.3989;%%"
}

@article{Denner:2015yca,
  author       = {Denner, Ansgar and Feger, Robert},
  year         = {2015},
  doi          = {10.1007/JHEP11(2015)209},
  eprint       = {1506.07448},
  eprintclass  = {hep-ph},
  eprinttype   = {arXiv},
  journaltitle = {JHEP},
  pages        = {209},
  title        = {{NLO QCD corrections to off-shell top-antitop production with leptonic decays in association with a Higgs boson at the LHC}},
  volume       = {11},
}

@article{Kulesza:2015vda,
  author       = {Kulesza, Anna and Motyka, Leszek and Stebel, Tomasz and Theeuwes, Vincent},
  year         = {2016},
  doi          = {10.1007/JHEP03(2016)065},
  eprint       = {1509.02780},
  eprintclass  = {hep-ph},
  eprinttype   = {arXiv},
  journaltitle = {JHEP},
  pages        = {065},
  title        = {{Soft gluon resummation for associated $t \bar{t} H$ production at the LHC}},
  volume       = {03},
}

@article{Broggio:2016zgg,
      author         = "Broggio, Alessandro and Ferroglia, Andrea and Ossola,
                        Giovanni and Pecjak, Ben D.",
      title          = "{Associated production of a top pair and a W boson at
                        next-to-next-to-leading logarithmic accuracy}",
      journal        = "JHEP",
      volume         = "09",
      year           = "2016",
      pages          = "089",
      doi            = "10.1007/JHEP09(2016)089",
      eprint         = "1607.05303",
      archivePrefix  = "arXiv",
      primaryClass   = "hep-ph",
      reportNumber   = "TUM-HEP-1051-16, IPPP-16-66",
      SLACcitation   = "%%CITATION = ARXIV:1607.05303;%%"
}

@article{Collins:1989gx,
      author         = "Collins, John C. and Soper, Davison E. and Sterman,
                        George F.",
      title          = "{Factorization of Hard Processes in QCD}",
      journal        = "Adv. Ser. Direct. High Energy Phys.",
      volume         = "5",
      year           = "1989",
      pages          = "1-91",
      doi            = "10.1142/9789814503266_0001",
      eprint         = "hep-ph/0409313",
      archivePrefix  = "arXiv",
      primaryClass   = "hep-ph",
      reportNumber   = "ITP-SB-89-31",
      SLACcitation   = "%%CITATION = HEP-PH/0409313;%%"
}

@article{Bonvini:2015ira,
  author       = {Bonvini, Marco and Marzani, Simone and Rojo, Juan and Rottoli, Luca and Ubiali, Maria and Ball, Richard D. and Bertone, Valerio and Carrazza, Stefano and Hartland, Nathan P.},
  year         = {2015},
  doi          = {10.1007/JHEP09(2015)191},
  eprint       = {1507.01006},
  eprintclass  = {hep-ph},
  eprinttype   = {arXiv},
  journaltitle = {JHEP},
  pages        = {191},
  title        = {{Parton distributions with threshold resummation}},
  volume       = {09},
}

@article{vanDeurzen:2013xla,
  author       = {van Deurzen, Hans and Luisoni, Gionata and Mastrolia, Pierpaolo and Mirabella, Edoardo and Ossola, Giovanni and Peraro, Tiziano},
  year         = {2013},
  doi          = {10.1103/PhysRevLett.111.171801},
  eprint       = {1307.8437},
  eprintclass  = {hep-ph},
  eprinttype   = {arXiv},
  journaltitle = {Phys. Rev. Lett.},
  number       = {17},
  pages        = {171801},
  title        = {{Next-to-Leading-Order QCD Corrections to Higgs Boson Production in Association with a Top Quark Pair and a Jet}},
  volume       = {111},
}

@inproceedings{Kulesza:2016vnq,
  author      = {Kulesza, Anna and Motyka, Leszek and Stebel, Tomasz and Theeuwes, Vincent},
  booktitle   = {{4th Large Hadron Collider Physics Conference (LHCP 2016) Lund, Sweden, June 13-18, 2016}},
  year        = {2016},
  eprint      = {1609.01619},
  eprintclass = {hep-ph},
  eprinttype  = {arXiv},
  title       = {{Soft gluon resummation at fixed invariant mass for associated $t\bar{t}H$ production at the LHC}},
}

@article{Maltoni:2015ena,
      author         = "Maltoni, Fabio and Pagani, Davide and Tsinikos, Ioannis",
      title          = "{Associated production of a top-quark pair with vector
                        bosons at NLO in QCD: impact on $
                        \mathrm{t}\overline{\mathrm{t}}\mathrm{H} $ searches at
                        the LHC}",
      journal        = "JHEP",
      volume         = "02",
      year           = "2016",
      pages          = "113",
      doi            = "10.1007/JHEP02(2016)113",
      eprint         = "1507.05640",
      archivePrefix  = "arXiv",
      primaryClass   = "hep-ph",
      reportNumber   = "CP3-15-20",
      SLACcitation   = "%%CITATION = ARXIV:1507.05640;%%"
}

@article{Lazopoulos:2007bv,
      author         = "Lazopoulos, Achilleas and Melnikov, Kirill and Petriello,
                        Frank John",
      title          = "{NLO QCD corrections to the production of $t \bar{t} Z$
                        in gluon fusion}",
      journal        = "Phys. Rev.",
      volume         = "D77",
      year           = "2008",
      pages          = "034021",
      doi            = "10.1103/PhysRevD.77.034021",
      eprint         = "0709.4044",
      archivePrefix  = "arXiv",
      primaryClass   = "hep-ph",
      reportNumber   = "UH-511-1111-07",
      SLACcitation   = "%%CITATION = ARXIV:0709.4044;%%"
}

@article{Lazopoulos:2008de,
      author         = "Lazopoulos, Achilleas and McElmurry, Thomas and Melnikov,
                        Kirill and Petriello, Frank",
      title          = "{Next-to-leading order QCD corrections to $t \bar{t} Z$
                        production at the LHC}",
      journal        = "Phys. Lett.",
      volume         = "B666",
      year           = "2008",
      pages          = "62-65",
      doi            = "10.1016/j.physletb.2008.06.073",
      eprint         = "0804.2220",
      archivePrefix  = "arXiv",
      primaryClass   = "hep-ph",
      reportNumber   = "UH-511-1125-08",
      SLACcitation   = "%%CITATION = ARXIV:0804.2220;%%"
}

@article{Denner:2014gla,
  author       = {Denner, Ansgar and Dittmaier, Stefan and Hofer, Lars},
  booktitle    = {{Proceedings, 12th DESY Workshop on Elementary Particle Physics: Loops and Legs in Quantum Field Theory (LL2014): Weimar, Germany, April 27-May 2, 2014}},
  year         = {2014},
  eprint       = {1407.0087},
  eprintclass  = {hep-ph},
  eprinttype   = {arXiv},
  journaltitle = {PoS},
  pages        = {071},
  title        = {{COLLIER - A fortran-library for one-loop integrals}},
  volume       = {LL2014},
}

@article{Rontsch:2014cca,
  author       = {R{√∂}ntsch, Raoul and Schulze, Markus},
  year         = {2014},
  doi          = {10.1007/JHEP09(2015)132, 10.1007/JHEP07(2014)091},
  eprint       = {1404.1005},
  eprintclass  = {hep-ph},
  eprinttype   = {arXiv},
  journaltitle = {JHEP},
  note         = {[Erratum: JHEP09,132(2015)]},
  pages        = {091},
  title        = {{Constraining couplings of top quarks to the Z boson in $ t\overline{t} $ + Z production at the LHC}},
  volume       = {07},
}

@article{Rontsch:2015una,
  author       = {R{√∂}ntsch, Raoul and Schulze, Markus},
  year         = {2015},
  doi          = {10.1007/JHEP08(2015)044},
  eprint       = {1501.05939},
  eprintclass  = {hep-ph},
  eprinttype   = {arXiv},
  journaltitle = {JHEP},
  pages        = {044},
  title        = {{Probing top-Z dipole moments at the LHC and ILC}},
  volume       = {08},
}

@article{Artoisenet:2013puc,
  author       = {Artoisenet, P. and others},
  year         = {2013},
  doi          = {10.1007/JHEP11(2013)043},
  eprint       = {1306.6464},
  eprintclass  = {hep-ph},
  eprinttype   = {arXiv},
  journaltitle = {JHEP},
  pages        = {043},
  title        = {{A framework for Higgs characterisation}},
  volume       = {11},
}
